4150 6192
308 284 415 349 '189
1473 288 1758 348 cauum
1799 288 1890 346 ΒΕ
1932 289 2094 349 nm.
2135 289 2265 347 Lm.
2305 288 2372 349 11.
3487 289 3598 358 790

497 398 689 459 Hessls
713 402 965 460 aristatas
990 402 1135 461 scuit
1157 402 1509 477 perculmina
1535 405 1734 477 trugas,
1931 413 1985 473 Α
2185 408 2455 479 Ingratus,
2484 404 2608 477 quia
2630 402 2800 462 lactus
2834 410 2952 462 erat
2978 401 3214 462 coelestis
3251 404 3445 476 imago,

307 491 418 549 22⁸0
492 492 724 550 Palmite
771 503 1045 566 gemmato
1123 505 1246 568 post
1315 497 1600 568 pampinus
1658 498 1907 555 admovet
2179 498 2306 555 lura
2339 500 2618 569 potestatis
2646 498 2885 554 retinens
2913 511 3076 567 super
3113 498 3295 554 omnia
3318 495 3488 570 solus,

1659 589 1832 662 [uvas.
2205 594 2270 650 Et
2317 607 2554 665 semper,
2599 591 2701 649 nisi
2748 590 2898 663 jussa
2945 590 3040 647 Dei
3084 599 3458 651 contemneret
3506 612 3599 654 au·

493 677 562 733 Et
583 693 859 750 nunqnam
889 680 1123 736 caritura
1147 680 1319 738 comis
1342 679 1635 739 frondescit
1668 682 1831 738 oliva.
3379 686 3527 761 [dax.

493 768 574 826 ΤΘ
603 771 738 837 len·
767 780 821 827 ¹0
850 771 1047 842 Ρῑῦθθθ,
1068 770 1317 841 menda,
1339 781 1607 841 'meum’
1636 772 1905 838 volucre&
2184 780 2303 837 Mox
2323 794 2483 852 quam
2511 780 2681 838 lactus
2706 787 2823 836 erat
2844 779 2992 836 nullo
3008 786 3266 850 peccante
3291 790 3525 849 creatus,
3619 825 3624 830 .

492 859 672 916 ‘rurba
699 870 1029 918 cerastarum
1058 861 1259 940 tanqat,
1287 876 1458 933 senus
1505 877 1669 920 omne
1711 862 1903 919 veneni
2005 871 2115 929 sto
2188 871 2451 929 Peccavit.
2475 870 2610 939 Quid
2633 885 2732 927 nos
2750 869 2933 928 miseri
2961 870 3030 926 de
3053 870 3280 927 crimine
3307 872 3458 927 nati?

447 1000 451 1004 .
498 954 691 1011 Sibilat
715 971 814 1012 ore
841 955 976 1022 lero,
1006 955 1181 1026 lingua
1212 956 1457 1013 vibrante
1485 957 1722 1027 trisulca,
2185 963 2462 1035 Principio
2485 972 2683 1020 nostrae
2704 972 2958 1033 peccator
2979 962 3204 1031 originis
3227 970 3418 1019 auctor

317 1043 423 1101 225
498 1045 567 1102 Et
591 1046 710 1115 tibi,
763 1047 1019 1118 quidquid
1059 1047 1241 1115 babet,
1287 1057 1543 1120 reputans
1586 1050 1785 1108 debere
1828 1052 1905 1108 l’a·
2198 1054 2493 1110 Damnatur
2512 1053 2617 1109 sul)
2641 1052 2761 1123 lege
2788 1051 2956 1118 necis,
2981 1051 3067 1107 vel
3088 1051 3242 1108 clade
3261 1052 3504 1122 perenni.

1643 1142 1826 1216 [tetur.
2183 1148 2347 1222 240
2382 1145 2624 1219 Contigit,
2678 1155 2734 1202 itt
2798 1146 2957 1203 nobis
2997 1145 3214 1213 similis,
3253 1143 3390 1202 beul
3441 1160 3598 1215 poeua

492 1231 784 1287 Auctorem
812 1231 936 1288 vitae
963 1232 1163 1303 gaudet
1192 1232 1423 1291 stridore
1445 1234 1639 1292 minaci
3241 1232 3528 1311 [manerem

453 1378 465 1389 ,
495 1320 749 1379 Materies
772 1323 993 1380 laudare
1017 1325 1188 1392 necis,
1218 1333 1542 1398 poterasque
1567 1337 1780 1385 creator
2195 1331 2305 1391 Nec
2332 1330 2522 1388 similis
2574 1345 2674 1388 nos
2737 1328 2896 1402 culpa
2944 1335 3093 1388 tenet
3122 1344 3138 1383 ε
3199 1328 3368 1387 semel
3414 1327 3597 1387 incidit

488 1415 652 1486 239
669 1414 788 1472 Non
814 1430 1038 1489 angues,
1068 1432 1173 1476 non
1195 1418 1357 1474 omne
1371 1432 1571 1476 nocens
1592 1422 1904 1491 permittere
2952 1465 2959 1471 -
3083 1449 3091 1456 ·
3413 1418 3530 1494 [illo

1639 1509 1829 1582 [nasci,
2000 1514 2112 1572 245
2189 1512 2306 1570 Una
2332 1502 2451 1584 lege
2471 1527 2616 1576 reus.
2641 1525 2743 1570 nos
2772 1510 2956 1567 multis
2984 1510 3191 1582 legibus
3216 1523 3370 1568 error

488 1595 557 1651 Ut
577 1595 713 1653 vitas
742 1597 1015 1653 bominum
1049 1604 1252 1653 tantum
1279 1613 1428 1658 mors
1456 1614 1559 1657 una
1598 1602 1826 1660 tulisset.
2179 1602 2519 1673 Contemptis
2543 1604 2738 1660 retinet
2753 1603 2993 1674 captivos
3007 1611 3152 1659 sorte
3170 1609 3376 1660 reatus.

300 1682 417 1741 250
483 1686 591 1743 Sed
622 1701 722 1742 nos
744 1701 974 1758 qua-que
992 1688 1070 1744 rei
1097 1689 1474 1759 cognoscimus
1494 1692 1673 1746 omnia
1728 1708 1899 1763 qnare
2259 1695 2393 1753 lllud
2424 1706 2684 1767 pretereo
2707 1736 2724 1761 ,
2748 1694 2893 1767 quod
2958 1694 3112 1766 parvi
3156 1693 3441 1765 pendimus
3481 1705 3603 1750 om·

502 1779 715 1837 Fecerit
742 1780 845 1837 ista
870 1780 986 1838 dari
1017 1780 1179 1837 :data
1222 1790 1348 1838 sunt
1382 1798 1479 1854 per
1530 1784 1757 1841 crimina
1796 1802 1894 1843 no-
1924 1774 1971 1835 B
3090 1847 3098 1854 ,
3377 1785 3522 1861 [nes.

1657 1876 1812 1949 [stra,
2195 1878 2349 1945 Quod
2377 1878 2538 1944 coelo,
2567 1879 2785 1945 tellure,
2820 1876 2993 1946 lretis,
3022 1884 3188 1947 atque
3215 1890 3344 1935 aere
3372 1884 3508 1937 toto.

487 1961 642 2030 Quod
672 1970 937 2034 praecepta
970 1960 1067 2019 Dei
1094 1963 1292 2034 passim
1330 1966 1726 2024 contemnimus
1777 1983 1897 2027 om·
2181 1970 2396 2042 Ignibus
2422 1969 2691 2036 aetbercis,
2728 1977 2783 2025 et
2813 1968 2956 2025 lunae
2981 1967 3193 2040 dignior
3218 1967 3348 2025 orbe

1684 2060 1828 2133 [nes‚
2004 2062 2110 2120 250
2184 2063 2279 2120 Est
2318 2061 2501 2131 bomo,
2535 2076 2696 2132 quem
2726 2059 2882 2118 libuit
2909 2074 3006 2131 per
3025 2073 3088 2118 se
3113 2058 3352 2116 formare
3384 2056 3593 2113 Tonan·

492 2144 645 2213 Quod
674 2153 1015 2215 pcccatorum
1040 2145 1272 2203 retinent
1301 2155 1380 2205 tot
1404 2148 1568 2205 millia
1596 2151 1791 2207 vincla.
3373 2145 3526 2221 [tem.

553 2233 667 2292 Nec
692 2236 855 2293 modo
878 2237 1446 2311 peccatumsubrepsit
1467 2242 1725 2314 moribus,
1745 2243 1896 2311 olim,
2186 2245 2319 2302 Nam
2355 2244 2565 2302 diversa
2595 2244 2691 2301 Dei
2719 2245 2838 2301 solo
2865 2257 3114 2301 sermone
3140 2248 3412 2298 creantur.

294 2324 413 2383 255
480 2325 621 2383 Olim
650 2328 859 2398 primus
881 2326 1044 2384 bomo
1084 2330 1415 2387 transcendit
1431 2333 1581 2403 iussa
1613 2333 1894 2393 Tonantis.
2183 2334 2328 2393 lllaec
2352 2349 2487 2392 voce
2512 2344 2682 2401 creat,
2710 2348 2810 2390 nos
2832 2344 3009 2391 autem
3035 2331 3319 2405 operosius
3344 2338 3514 2404 aptat.

1509 2448 1901 2508 scttw‘ruua
1942 2451 2098 2509 COD.
2143 2438 2306 2508 VAT‘

367 2557 501 2614 219.
547 2557 629 2616 Μ.
681 2557 893 2613 aristeas
914 2575 965 2612 a.
993 2574 1047 2630 p.
1080 2558 1299 2630 fulmina
1346 2560 1427 2630 Ῑ.,·
1474 2561 1539 2618 ad
1565 2577 1759 2633 marg„
1784 2565 1889 2619 ari-
2063 2565 2191 2621 259.
2213 2563 2341 2618 Mox
2366 2562 2505 2633 qnod
2523 2563 2702 2633 [aclas.

290 2640 486 2686 “aflu-
2063 2636 2194 2691 215.
2221 2633 2424 2690 Com...
2457 2633 2606 2688 nobis
2628 2629 2814 2687 similis
2840 2629 2940 2685 ltett
2966 2642 3357 2698 poenamanero.

369 2699 498 2755 220.
530 2699 595 2753 Ρ.
660 2709 934 2754 emmatum
965 2717 1017 2771 p.
2065 2705 2195 2760 244.
2221 2704 2422 2763 Similis
2450 2719 2534 2758 uos
2561 2718 2611 2758 c.

325 2843 337 2853 ·
363 2772 495 2826 250.
529 2717 755 2852 &4⁹21oe
776 2787 976 2854 quoque
991 2789 1035 2826 r.
1055 2787 1104 2825 c.
1133 2788 1186 2826 o.
1215 2775 1352 2842 qnod
1364 2790 1465 2836 res.
1498 2789 1595 2844 pro
1622 2784 1714 2829 nos
1738 2774 1887 2833 aliud
2062 2775 2193 2832 245.
2238 2776 2452 2845 Leqibus
2473 2775 2642 2829 beros.
2707 2842 2722 2854 ⁸

289 2843 510 2897 videtur
549 2855 694 2906 prius
726 2839 887 2896 luisse
908 2841 1048 2912 qnod
1073 2858 1090 2895 .·
1118 2841 1406 2899 obscurum
1438 2855 1540 2903 est.
2060 2845 2192 2901 246.
2222 2846 2376 2903 Sorte
2401 2845 2553 2900 reatis
2592 2859 2613 2898 .·
2640 2855 2792 2915 prius
2814 2849 2930 2899 erat
2958 2849 3093 2896 sorte
3115 2846 3318 2899 creatts.

362 2911 495 2967 252.
525 2912 780 2977 Proecepti
806 2910 899 2967 Dei
930 2929 983 2980 p.
1017 2915 1321 2967 contemnim
1346 2930 1537 2969 omnes.
2064 2916 2192 2971 247.
2227 2915 2257 2971 1
2282 2925 2590 2988 praetereaq.

361 2984 493 3038 255.
521 2984 989 3053 Quospeccatornm
1003 2991 1210 3037 manent
1235 2985 1698 3042 totmilt'aviuclos:
1718 2986 1884 3043 ambi·
2063 2985 2191 3041 249.
2215 2987 2284 3041 Di
2321 2988 2433 3042 nior
2463 2985 2622 3040 omni.

288 3069 396 3125 gne
416 3063 644 3108 manent.
2069 3057 2196 3112 252.
2228 3057 2282 3111 11
2307 3059 2354 3112 ic
2377 3073 2510 3112 azor
2528 3063 2609 3111 eat
2639 3070 2732 3112 nos
2753 3061 2923 3110 autem
2951 3051 3217 3124 operarius
3238 3060 3416 3124 aptat:
3444 3050 3588 3124 prius

361 3124 491 3180 257.
527 3125 680 3179 Prius
703 3132 819 3181 erat
842 3133 1121 3195 potestatas
1142 3141 1242 3197 pro
1270 3128 1559 3198 potestatis.
1906 3116 1953 3179 C
1984 3135 2167 3199 eptam
2195 3129 2463 3200 operarius
2478 3125 2659 3183 dubie.

1784 3242 2017 3300 No‘rAE.

357 3334 493 3391 219.
550 3330 806 3389 Ordinem
853 3345 1125 3398 versuum,
1148 3347 1309 3404 quem
1353 3333 1625 3390 inversum
1676 3335 1882 3405 jndice,
2061 3336 2189 3394 255.
2224 3334 2560 3392 Lucretiusl.
2594 3350 2751 3403 ιιι,ν.
2805 3334 2896 3402 60,
2940 3334 3071 3401 Qua.»
3110 3334 3323 3389 miseros
3360 3334 3589 3388 homines

287 3405 516 3462 mutavi.
545 3402 821 3470 Arislatas,
866 3403 1071 3458 scilicet
1121 3404 1340 3459 aristam
1386 3402 1665 3461 babentes.
1710 3407 1885 3462 Utitur
1989 3416 2179 3477 coqnnt
2207 3407 2568 3462 transcendere
2584 3408 2714 3476 fines
2730 3405 3121 3461 Jnris.'l'acitus
3143 3416 3200 3459 tn
3223 3404 3444 3470 Annal„
3467 3419 3589 3471 cap.

286 3475 487 3533 Festus
512 3489 580 3531 ea
603 3487 733 3531 voce
753 3473 808 3530 in
831 3472 1128 3530 Restibilis:
1154 3472 1352 3529 Fumo
1378 3475 1542 3545 spico,
1575 3477 1629 3530 id
1666 3486 1740 3531 est
1779 3478 1884 3532 ari·
1988 3478 2082 3541 54,
2115 3477 2387 3531 Prohibita
2408 3479 2617 3545 impune
2664 3476 3057 3530 transcenderis.
3113 3474 3346 3530 Venusto
3395 3475 3591 3545 repeti·

284 3558 443 3605 stato.
1986 3547 2219 3601 tur'olim
2240 3561 2305 3602 ex
2336 3561 2393 3602 v.
2419 3559 2586 3617 praec.
2622 3545 2870 3616 Virgilius
2901 3544 2938 3600 l.
2973 3561 3047 3609 vt,
3079 3559 3135 3601 v.
3178 3543 3304 3612 495,
3340 3544 3593 3600 Lucerum

354 3618 488 3673 220.
520 3616 598 3674 De
627 3615 848 3699 palmite
871 3616 991 3671 vide
1020 3623 1201 3672 notam
1224 3615 1290 3669 ad
1320 3614 1415 3671 lib.
1449 3630 1486 3681 ι,
1513 3629 1567 3671 v.
1624 3616 1750 3672 ¹70.
1807 3616 1882 3674 De
1987 3615 2265 3673 crudeliter
2295 3632 2407 3683 cra,
2443 3615 2571 3680 Ora,
2599 3631 2880 3685 manusque
2894 3618 3089 3670 ambas.

280 3689 517 3757 gemmis
547 3688 672 3743 vius
696 3686 821 3742 eod.
853 3688 889 3742 1.
915 3703 967 3756 ι,
997 3701 1051 3743 v.
1096 3686 1225 3743 575.
1272 3683 1435 3742 Forte
1459 3686 1743 3757 legendum
1799 3698 1882 3745 est
2057 3685 2186 3742 256.
2243 3685 2359 3743 Lib.
2402 3702 2466 3752 t,
2520 3700 2575 3739 v.
2626 3677 2765 3751 558,
2820 3684 3029 3756 Species
3079 3684 3319 3749 hominis.
3376 3685 3591 3741 coelestis

284 3759 517 3813 l'almite
578 3765 845 3813 emmatas.
1988 3757 2181 3826 imaqo.

355 3828 485 3884 221.
558 3827 648 3884 ide
676 3834 854 3882 notam
886 3826 950 3883 ad
972 3826 1012 3883 1.
1046 3832 1098 3897 ἰ,
1123 3842 1177 3882 v.
1211 3825 1334 3895 166,
1368 3826 1433 3884 Et
1459 3843 1657 3900 semper
1703 3831 1882 3885 vestita
2057 3827 2186 3883 257.
2219 3826 2361 3883 Infra
2390 3841 2445 3883 v.
2473 3825 2602 3895 750,
2629 3823 2766 3881 Iura
2786 3824 3046 3896 potestatis
3094 3824 3318 3879 retinens
3367 3824 3460 3879 sab
3490 3841 3589 3880 no·
3630 3828 3639 3837 '

281 3900 449 3955 comis
479 3896 754 3967 frondescit
774 3897 925 3952 oliva.
1991 3897 2128 3953 utine
2146 3914 2280 3953 vero.

355 3969 488 4024 225.
512 3968 748 4024 venuste
778 3982 1022 4023 venenum
1045 3982 1142 4037 pro
1168 3966 1491 4024 animalibus
1509 3970 1806 4025 venenatis.
2057 3967 2187 4023 259.
2230 3968 2372 4038 Lego
2392 3965 2520 4022 Mox
2553 3982 2733 4039 qnam,
2756 3965 2841 4023 vel
2870 3964 2998 4021 Mox
3039 3963 3179 4035 qnod
3230 3977 3328 4033 pro
3355 3963 3483 4019 Mox
3509 3974 3583 4019 nt.

354 4037 489 4094 224.
520 4038 749 4093 sibilare
768 4038 989 4107 aliquem
1035 4048 1119 4093 est
1173 4037 1344 4094 sibilis
1397 4038 1711 4109 explodere,
1762 4040 1883 4095 irri·
1991 4037 2119 4092 Hos
2143 4054 2298 4106 qnam
2320 4054 2416 4107 pro
2462 4040 2636 4092 statim
2666 4054 2726 4091 ac
2771 4037 2967 4093 Paulus
2999 4036 3114 4107 θὶς.
3154 4036 3188 4090 Ι.
3241 4049 3331 4098 vu,
3383 4033 3464 4089 tit.
3525 4036 3581 4096 4,

278 4110 445 4174 ἀοι-ες
472 4108 567 4163 sed
593 4106 697 4164 boc
721 4108 841 4163 loco
859 4109 1030 4164 sibilat
1134 4110 1277 4165 nitur
1307 4124 1406 4178 pro
1437 4110 1638 4173 laudat.
1661 4110 1784 4164 dnm
1810 4112 1882 4166 si·
1987 4107 2096 4178 leg.
2134 4107 2219 4172 15.
2256 4107 2383 4164 Mox
2408 4125 2565 4179 quam
2584 4126 2617 4162 a
2646 4108 2759 4163 solo
2778 4109 2999 4175 separati
3025 4110 3125 4161 sint
3151 4102 3428 4175 (fructus).
3463 4102 3586 4159 Adi-

278 4181 437 4246 bilat,
472 4186 530 4233 ut
554 4177 661 4234 dixi
690 4179 758 4234 ad
790 4194 840 4233 v.
889 4178 1016 4235 215.
1107 4194 1173 4235 oc
1210 4181 1375 4235 verbo
1421 4180 1594 4235 sibilat
1647 4189 1703 4236 et
1756 4180 1878 4237 aliis
1987 4178 2063 4234 sis
2107 4177 2353 4235 vossium
2380 4180 2449 4235 de
2478 4183 2654 4239 Serm.
2686 4188 2892 4234 constr.
2926 4192 3048 4247 cap.
3083 4177 3173 4232 66.

280 4253 470 4323 linqua
487 4249 717 4304 vibrante
744 4250 955 4305 trisulca
974 4250 1311 4305 contrabitur
1329 4265 1498 4320 genus
1518 4265 1679 4304 omne
1715 4264 1873 4307 vene-
2053 4248 2182 4307 240.
2237 4251 2389 4305 vers.
2445 4249 2574 4317 557,
2627 4248 2889 4304 Scelerata
2944 4262 3174 4319 propago
3205 4244 3473 4312 Nascitur,
3521 4259 3587 4301 es

280 4324 341 4377 ni
372 4322 441 4376 ad
465 4329 749 4387 serpentes
778 4321 829 4374 in
844 4336 1063 4391 genere.
1089 4322 1281 4386 quibus
1304 4322 1517 4391 proprie
1543 4321 1755 4375 sibilum
1772 4361 1788 4387 ,
1821 4332 1877 4378 et
1984 4320 2125 4391 [onte
2150 4320 2355 4376 sceleris
2379 4335 2536 4392 genus
2557 4333 2705 4374 omne
2730 4334 2972 4374 meamus.
3473 4387 3481 4395 Ι

280 4394 468 4458 lingua
494 4392 713 4447 vibrans
732 4404 827 4447 seu
856 4392 1079 4458 otiosus,
1108 4400 1163 4448 et
1188 4392 1403 4448 trisulca
1434 4390 1704 4447 tribuitur.
1750 4391 1875 4447 Vir·
1908 4420 1961 4481 Ι)
2056 4389 2184 4446 245.
2203 4389 2530 4446 Claudianus
2560 4390 2654 4445 lib.
2675 4404 2713 4444 tt
2745 4389 2799 4444 in
2829 4387 3167 4457 Eutropium.
3193 4384 3405 4467 rra-iili,
3441 4387 3577 4439 Επα-

280 4463 451 4532 gilius
492 4461 586 4517 lib.
617 4478 691 4529 xi,
716 4479 769 4517 v.
798 4462 925 4525 754.
951 4458 1021 4515 Ει
1064 4463 1234 4517 sibilat
1259 4479 1367 4531 ore,
1398 4472 1454 4519 et
1478 4463 1516 4517 l.
1548 4477 1588 4518 tt
1638 4459 1791 4527 AEn.,
1822 4478 1877 4518 v.
1984 4476 2086 4531 que
2112 4470 2294 4516 cuncto
2322 4460 2480 4515 Poena
2506 4468 2674 4514 manet
2703 4458 2897 4532 qeneri.
2920 4459 3078 4514 Forte
3106 4456 3353 4512 Condirtst
3385 4469 3457 4507 nt
3489 4475 3581 4507 ηιμ

279 4533 413 4594 475,
452 4532 517 4586 Et
545 4533 735 4615 linquis
763 4533 915 4586 micat
941 4548 1031 4588 ore
1060 4532 1302 4588 trisulcis.
1986 4531 2062 4585 bis
2090 4532 2296 4598 similis,
2326 4531 2468 4586 lieu!
2518 4546 2666 4603 poena
2703 4545 2933 4598 manere,
2969 4528 3056 4583 vel
3097 4525 3313 4607 Contiflit
3345 4539 3397 4579 nt
3449 4531 3583 4579 trabit

357 4601 735 4667 226.,Strtdor
753 4604 1091 4672 serpentibus
1117 4603 1367 4658 tribuitur
1387 4616 1417 4656 a
1456 4602 1586 4659 Silio
1616 4602 1656 4659 l.
1710 4619 1787 4670 vt,
1822 4615 1875 4659 v.
1986 4602 2193 4669 similis,
2216 4602 2351 4656 ben!
2379 4617 2526 4671 poena
2556 4610 2802 4666 maneret,
2831 4599 2972 4670 quod
3001 4600 3172 4667 magis
3194 4599 3413 4651 arrulet.

286 4673 415 4736 177,
446 4681 501 4727 ει
518 4672 707 4728 ovidio
730 4672 768 4727 1.
796 4687 848 4727 tx
878 4673 1005 4729 Met.
1025 4688 1111 4739 ‚v.
1146 4671 1234 4729 65.
1284 4672 1566 4729 Pulchrum
1602 4673 1881 4744 epitheton
1991 4715 2005 4725 .
2057 4671 2186 4729 246.
2217 4671 2350 4728 Vide
2376 4687 2502 4728 num
2562 4673 2753 4727 melius
2783 4670 3008 4740 captivos
3031 4678 3169 4722 sorte
3194 4679 3413 4739 erentes,
3441 4679 3497 4719 ut
3525 4683 3581 4723 ιτ.

282 4743 480 4799 ntinaci
509 4744 751 4799 stridore.
1983 4740 2112 4808 240,
2145 4742 2325 4797 Miseri
2352 4742 2414 4797 de
2443 4742 2653 4796 crimine
2689 4740 2815 4796 nati.

356 4811 483 4866 227.
517 4811 758 4867 Materies
776 4812 934 4880 necis,
960 4827 1056 4881 pro
1119 4820 1369 4880 serpente
1413 4811 1660 4883 figurate,
1720 4823 1778 4869 ut
1827 4829 1881 4870 ν.
2060 4814 2190 4870 249.
2249 4813 2366 4874 Lib.
2411 4828 2452 4876 ι.
2483 4829 2537 4867 v.
2571 4812 2695 4877 159,
2747 4808 2963 4880 lqnibns
3015 4810 3248 4865 oetltereis
3321 4809 3581 4875 siguificat

282 4883 416 4941 225,
453 4899 716 4937 venenam.
1986 4882 2165 4954 ignem
2209 4884 2587 4939 elementarem
2622 4879 2912 4937 :hocloco
2957 4888 3013 4936 et
3059 4896 3158 4961 pro
3181 4876 3285 4937 boc
3337 4883 3477 4947 igue.
3521 4887 3573 4931 et

356 4954 487 5008 229.
519 4951 769 5020 Tnlisset,
793 4967 890 5022 pro
909 4952 1220 5010 abstulisset
1247 4968 1264 5007 x
1295 4951 1522 5023 simplex
1545 4966 1645 5022 pro
1660 4968 1881 5024 compo·
1987 4970 2087 5024 pro
2115 4953 2251 5015 sole.
2275 4962 2329 5008 et
2392 4967 2453 5008 ro
2480 4952 2655 5008 stellis
2677 4952 2816 5007 sumi
2844 4959 3042 5022 potest.

284 5026 415 5081 sito.
2055 5023 2184 5080 250.
2203 5023 2335 5080 Vide
2355 4968 2399 5080 l).
2425 5039 2461 5091 ι,
2489 5038 2543 5078 v.
2569 5023 2675 5078 550
2703 5032 2759 5079 et
2783 5037 2936 5094 seqq.
3293 5091 3305 5103 ,

357 5093 488 5149 250.
523 5091 686 5149 Forte
715 5092 823 5150 Sed
844 5109 937 5147 nos
964 5094 1152 5166 qnippe
1185 5093 1263 5149 rei
1289 5108 1309 5148 .·
1337 5100 1485 5149 certe
1512 5109 1711 5164 quoqne
1739 5109 1877 5150 men1
2056 5094 2184 5149 251.
2215 5094 2452 5160 Diversa,
2486 5094 2691 5150 seilicet
2714 5092 2920 5149 bomini
2944 5092 3029 5149 vel
3061 5090 3132 5147 ab
3161 5091 3401 5147 nomme.

284 5165 417 5221 dnm
444 5173 547 5220 est.
1889 5163 1899 5173 '
2053 5163 2184 5219 252.
2223 5163 2470 5231 PlautuS‚
2494 5163 2779 5220 Terentius
2806 5164 3004 5234 aliique
3046 5160 3181 5216 illoec
3265 5175 3321 5211 rn
3353 5159 3441 5211 illu
3473 5159 3581 5211 lurr-

360 5233 667 5301 antonno
709 5250 805 5303 per
833 5232 1056 5289 crimina
1113 5242 1299 5290 nostra
1344 5232 1596 5311 animalia
1632 5234 1881 5291 nocentia
1989 5236 2194 5292 dicunt.
2224 5233 2501 5305 Operosius
2544 5250 2578 5289 a
2621 5234 2795 5292 Plinio
2833 5240 3166 5301 usurpatum.
3253 5231 3585 5311 ειιπιιιΙΙὶ4.τιιιιιιι,ῑ

287 5304 417 5362 data
443 5303 662 5371 fuerant,
692 5304 794 5361 boc
822 5320 986 5361 sensu
1016 5314 1098 5361 est
1126 5304 1547 5375 intelligendum,
1593 5305 1735 5374 quod
1768 5304 1883 5361 ani·
1985 5308 2082 5364 lib.
2106 5322 2142 5360 ιι
2169 5316 2357 5360 eontra
2388 5304 2711 5360 Marcionem
2739 5320 2859 5371 cap.
2888 5305 2944 5367 t,
2978 5301 3106 5367 Quis
3145 5302 3361 5367 desitque
3393 5303 3581 5367 difflua

290 5375 456 5430 maiia
486 5375 690 5430 bomini
720 5376 774 5431 in
797 5376 1273 5432 statuinnocentiae
1297 5390 1405 5430 non
1431 5374 1763 5445 nocuissent,
1784 5375 1878 5431 sed
1983 5377 2209 5433 incolere
2234 5374 2380 5430 Deio
2421 5392 2524 5441 era,
2557 5393 2709 5447 quam
2755 5374 2917 5443 ipsias
2945 5373 3114 5440 imaqo
3159 5379 3209 5425 et
3255 5371 3537 5423 similitudo
3565 5375 3585 5419 J

289 5446 411 5516 ejus
431 5446 610 5514 potius
654 5446 881 5515 imperio
909 5445 1137 5502 luissent
1168 5444 1427 5515 subiecta.
1462 5446 1729 5502 Praeterea
1761 5461 1879 5502 con·
1987 5448 2120 5503 Eam
2149 5461 2350 5517 quoque
2400 5448 2584 5515 onitas,
2608 5455 2653 5500 et
2718 5445 2883 5499 uidem
2900 5441 3217 5511 operantior,
3249 5447 3457 5507 oprrntn
3485 5451 3585 5499 rat,

293 5525 598 5572 troversum
626 5524 705 5572 est
735 5516 1215 5584 interinterpretes
1240 5527 1297 5571 et
1341 5516 1642 5587 theologos,
1700 5531 1768 5572 au
1818 5532 1882 5573 ea
1985 5536 2088 5574 non
2107 5515 2362 5588 imperiali
2408 5517 2576 5583 verbo,
2609 5462 2971 5583 seyramiliari
3000 5526 3179 5577 nnana,
3237 5511 3385 5564 etiam
3437 5511 3585 5591 verbu

292 5587 547 5642 animalia
581 5602 700 5657 quae
730 5601 871 5641 nuuc
899 5598 1022 5642 sunt
1046 5586 1243 5642 ferocia
1295 5593 1350 5643 et
1396 5586 1515 5641 aliis
1570 5596 1791 5652 nocent,
1829 5587 1880 5643 in
1985 5590 2274 5645 blandiente
2301 5587 2582 5656 proemisso,
2605 5584 2883 5638 faciamus
2931 5582 3211 5649 bominem,
3265 5589 3369 5635 nte.
3397 5579 3457 5635 Et
3485 5575 3577 5631 ltlt.

293 5665 439 5716 statu
467 5658 787 5713 innocentiae
812 5667 998 5713 mutuo
1025 5659 1165 5712 inter
1191 5671 1252 5713 se
1295 5658 1566 5712 saevirent.
1600 5657 1752 5715 ·Vide
1783 5657 1883 5713 Pe·
1984 5661 2052 5715 de
2074 5660 2380 5716 Resurrect.
2421 5671 2598 5721 earn.,
2623 5668 2741 5723 cap.
2772 5654 2827 5719 5,
2850 5653 2984 5711 Caro
3032 5661 3206 5708 antem
3256 5659 3305 5711 att
3357 5663 3585 5703 :frumar-

303 5726 503 5790 rerinm
532 5728 592 5787 in
618 5738 970 5789 commentar.
1001 5729 1068 5785 ad
1096 5727 1293 5786 GeueS.
1317 5742 1436 5800 cap.
1468 5744 1504 5797 ι,
1538 5745 1590 5785 v.
1618 5728 1708 5786 29.
1987 5732 2084 5789 Dei
2113 5730 2337 5787 coristitit
2361 5735 2562 5801 oroptcr
2586 5727 2902 5797 sormam...
2934 5735 2980 5785 et
3009 5724 3233 5797 amplius
3273 5739 3425 5783 matt
3457 5731 3587 5793 fr*-
