4150 6192
278 399 328 455 on
985 387 1211 448 nnnoourtus.
1855 394 1903 457 pp

278 514 422 572 Dracontio
445 513 564 570 carmina
591 506 695 564 llartini
717 503 870 563 Demicusis
899 502 993 571 edidit,
1022 503 1072 560 lroc
1086 509 1113 567 A
1125 515 1187 561 sunt
1200 505 1325 562 dicenda.
1341 504 1408 562 llam
1422 504 1457 562 de
1474 507 1586 578 Azagrce
1599 505 1725 563 Drerilrns
1744 508 1814 562 trotis
1838 508 1907 577 plura

279 603 376 660 codem
391 602 485 660 codice
498 617 562 660 usus
575 601 691 658 ridetur.
1120 598 1313 670 dirimendi
1336 614 1395 670 sco.
1411 583 1470 657 liic.
1486 600 1630 672 Antonius,
1657 601 1705 660 lin.
1727 619 1744 657 r
1762 602 1830 659 stur.
1846 612 1908 670 rel..

315 693 363 751 48.
378 694 468 753 Codes
491 694 559 751 alius
573 693 602 750 in
616 692 712 749 eodem
727 691 851 763 catalogo
864 689 981 748 refertur
997 703 1071 745 num.
1124 706 1183 762 cap.
1197 693 1224 759 5,
1240 701 1316 760 purat
1326 690 1471 748 edicionem
1481 691 1698 748 sirmondianam
1710 694 1845 749 Dracontii
1855 709 1909 751 cor·

281 786 363 852 832¹,
389 787 485 857 partim
508 785 746 852 membranaceus,
773 784 867 855 partim
894 781 1072 844 chartaceus,
1125 783 1266 839 rectiorem
1281 797 1437 854 essequam
1453 782 1546 839 luisset
1561 783 1605 838 illa
1618 785 1652 840 alr
1667 786 1769 854 dangre
1783 785 1912 855 promissa

282 880 346 936 olim
359 879 540 947 colbertinus,
554 878 652 935 soeculo
668 894 700 933 rr
715 886 852 944 exaratus,
865 875 891 930 in
902 888 956 944 quo
970 872 997 929 6⁰
1013 871 1074 927 loco
1126 885 1153 931 ct
1165 884 1269 945 parata,
1290 889 1378 946 neque
1401 876 1489 945 magni
1512 875 1644 931 interesse
1664 875 1734 942 nuod
1759 876 1872 948 Eugenii
1888 888 1914 933 et

282 964 1073 1041 poniturDracontiiloleronicarntendellpereseodicrun.
1126 964 1260 1020 Draconlii
1274 965 1393 1019 carmina
1414 973 1476 1034 post
1489 965 1634 1021 editionem
1653 964 1790 1023 sirmondi
1801 983 1836 1023 ex
1853 984 1913 1023 mss.

282 1063 408 1120 Fortasse
422 1061 604 1134 apographum
620 1070 661 1118 ost
673 1076 705 1116 ex
720 1060 812 1115 codice
826 1058 857 1114 S.
871 1054 986 1111 Victoris
1001 1053 1076 1109 Pari·
1126 1056 1238 1126 dangre
1265 1054 1445 1126 publicentur.
1475 1057 1608 1113 Dissentio
1634 1057 1773 1115 Floreaius
1799 1067 1867 1115 tom.
1896 1059 1913 1114 l

280 1154 389 1218 aiensis,
411 1163 456 1209 aut
470 1152 509 1208 illi
524 1151 633 1208 simile:
652 1166 713 1206 narn
733 1149 874 1219 inscriptio
889 1147 920 1202 de
936 1145 1018 1215 Opere
1029 1158 1076 1199 ses
1126 1145 1204 1215 llisp.
1224 1161 1308 1213 sacr„
1323 1155 1402 1202 tract.
1417 1147 1450 1215 5,
1465 1163 1525 1217 cap.
1540 1151 1569 1215 i,
1584 1150 1657 1221 qrria,
1672 1157 1801 1220 utpotae,
1816 1150 1916 1207 ilerae·

282 1244 384 1299 dicrum
395 1244 489 1301 eadem
505 1253 548 1300 est
561 1242 714 1313 utrobique,
730 1250 757 1297 et
771 1256 832 1298 curn
847 1237 948 1294 mentio
962 1234 1076 1305 erigene
1128 1251 1222 1293 meron
1236 1237 1383 1306 Dracontii,
1400 1250 1479 1309 pront
1491 1241 1525 1295 alr
1540 1240 1660 1311 fingenio
1672 1240 1722 1297 luit
1735 1239 1916 1314 emendatum,

282 1354 338 1397 nun
350 1350 484 1408 occurrat,
499 1339 663 1396 credendum
677 1347 719 1395 est
734 1335 905 1393 emendatum
921 1335 1076 1387 lroccrern·
1128 1330 1155 1384 in
1170 1342 1236 1384 mss.
1252 1331 1365 1400 Azapraa
1375 1339 1473 1393 exstat,
1487 1346 1541 1385 non
1556 1332 1583 1385 in
1595 1330 1714 1388 editione
1721 1332 1916 1389 sirmondiana.

283 1432 342 1502 plar
355 1433 389 1488 ab
409 1433 596 1504 Eugenionon
614 1433 707 1488 luisse.
731 1429 798 1487 Vide
814 1444 890 1483 nuos.
904 1426 951 1482 29.
1130 1421 1192 1476 llaec
1207 1419 1276 1476 444ῑο
1293 1419 1361 1477 filii
1377 1431 1428 1492 ‘³⁸¹2
1452 1421 1507 1494 42
1521 1431 1550 1477 ¹¹²
1564 1423 1673 1493 probari
1693 1438 1768 1479 ⁰⁰⁰¹·
1785 1425 1831 1479 ¹2·
1852 1425 1919 1481 31³⁰·

319 1524 364 1581 49.
379 1516 1077 1597 ExPhiiippolabbeoilordlildint.rnss.,sireSpe·
1128 1515 1192 1587 qrrin
1214 1516 1296 1571 etiam
1314 1522 1376 1586 post
1392 1514 1530 1572 sirmondi
1548 1516 1724 1573 editioneme
1742 1533 1772 1573 re
1791 1518 1919 1575 litteraria

284 1618 440 1687 eimantiq.
452 1610 1077 1686 lect.inCoronidepoetica,ubiplurarelerum
1096 1678 1106 1697 ⁹
1130 1608 1234 1678 publica
1246 1616 1329 1675 esset,
1344 1616 1373 1664 ut
1394 1608 1580 1665 adnotationes
1595 1617 1622 1666 et
1634 1611 1797 1680 conjectore
1811 1613 1919 1682 eziopie

284 1708 403 1763 earmina
422 1722 472 1763 suo
488 1718 609 1777 tempore
633 1707 750 1762 nondum
772 1703 845 1761 edita
872 1705 1076 1763 conmemorat,
1131 1699 1158 1754 in
1170 1698 1301 1769 publicam
1315 1699 1402 1757 locem
1418 1701 1567 1772 prodirent,
1579 1718 1645 1773 quas
1656 1703 1780 1759 liartlrios
1793 1706 1920 1760 marimo·

286 1813 346 1869 pap.
362 1799 397 1855 58
422 1797 479 1853 lraec
498 1797 624 1869 prolero:
650 1796 784 1852 Dracontii
806 1794 931 1850 nonrmlle
951 1792 1076 1858 carmina,
1134 1809 1196 1865 pere
1209 1794 1301 1851 ridere
1315 1795 1450 1865 cupiebat.
1466 1796 1531 1852 llam
1544 1797 1704 1853 Sirmondns
1719 1797 1789 1852 nuda
1803 1798 1920 1854 serotina

286 1889 338 1944 niti
357 1893 423 1959 forte
440 1889 571 1945 'mentitur
590 1889 732 1957 inscriptio,
753 1889 785 1942 iis
811 1887 1009 1956 superaddentes
1022 1898 1080 1954 prce
1097 1869 1118 1929 Β
1133 1888 1202 1960 typis
1215 1889 1341 1960 rrtlgarit,
1354 1890 1418 1958 quin
1430 1889 1509 1945 ullam
1522 1890 1686 1945 dirutionem
1699 1890 1847 1960 subjiceret
1860 1907 1868 1957 ;
1879 1907 1920 1947 ne·

287 1982 386 2052 pridem
400 1982 484 2037 emisit
497 1982 524 2037 in
535 1981 669 2053 pellicem
681 1996 739 2035 cum
754 1979 885 2035 nonnullis
897 1978 956 2033 aliis
970 1975 1081 2046 Erpedit'
1132 1995 1185 2051 que
1199 1981 1269 2035 enim
1283 1981 1433 2038 audiendus
1448 1991 1490 2038 est
1502 1981 1696 2052 liodriguezius
1710 1982 1744 2038 de
1756 1980 1866 2053 Castro,
1880 1983 1921 2054 qni
2027 2021 2028 2024 =

206 2123 213 2134 .
288 2072 406 2128 Toletani
416 2071 528 2129 lamias
539 2072 705 2129 sirmondus.
715 2072 858 2138 Code1,oe
871 2070 999 2136 arlritror,
1010 2067 1081 2136 apud
1132 2074 1159 2129 in
1179 2074 1247 2129 llibl.
1265 2074 1339 2142 llisp.
1362 2073 1506 2131 sirmondo
1521 2089 1604 2130 noras
1621 2074 1781 2132 eteruditas
1801 2086 1881 2130 notas
1897 2077 1920 2131 in
2027 2077 2028 2096 ¹

288 2165 376 2232 ipsum
396 2164 531 2222 stbeutn
554 2164 701 2221 exstabat:
720 2177 782 2220 nem
805 2162 869 2218 alibi
891 2160 1081 2217 bibliolllefflm
1133 2167 1306 2225 Dracontium
1320 2167 1355 2223 alr
1369 2166 1594 2239 aliquodeceptus
1608 2166 1721 2238 aldnpit.
1737 2169 1838 2225 Omitto
1854 2170 1920 2224 codi-

288 2257 358 2313 eolet
373 2257 506 2328 indicare,
523 2257 569 2314 ulri
583 2258 692 2315 codices
706 2265 889 2313 asservantur.
904 2253 971 2310 Corn
991 2263 1082 2308 antem
1134 2274 1192 2314 cem
1207 2258 1387 2327 Aaaprensem
1403 2258 1568 2330 aliquantum
1589 2260 1738 2316 auctiorem
1759 2273 1820 2315 esse
1833 2259 1922 2316 codiee

289 2349 316 2403 in
331 2347 424 2405 codice
440 2350 561 2405 carminis
577 2347 721 2407 Draconlili
733 2350 896 2413 uideantur,
919 2346 971 2402 nisi
987 2344 1083 2400 idonea
1134 2351 1345 2409 Sitnlondilltloi
1363 2361 1438 2410 certe
1458 2354 1562 2409 auctior
1582 2369 1617 2409 ex
1635 2353 1683 2411 illo
1709 2354 1804 2411 epdioe
1827 2355 1923 2427 prodiit

289 2442 377 2512 aliqua
389 2440 696 2508 adsitdulritandiratio,
706 2450 798 2498 auctor
809 2440 968 2497 Dracontius
978 2437 1084 2494 censeri
1135 2440 1226 2512 Elegia
1247 2440 1382 2499 Dracontii
1396 2443 1424 2500 in
1444 2445 1564 2501 editione
1574 2446 1722 2512 tlstdtcnst
1736 2446 1921 2503 Toletanoron

289 2535 380 2592 deber.
395 2533 432 2590 Er
447 2535 518 2606 stylo
530 2533 557 2590 id
578 2533 678 2605 eorrjici
698 2542 810 2603 potasti
827 2530 874 2588 aed
889 2530 996 2587 ublssim
1019 2543 1085 2600 8⁰¹¹·
1136 2534 1257 2606 Petrum,
1275 2535 1435 2607 additusque
1447 2537 1567 2595 estlilrcr
1578 2553 1727 2594 carnrrnuru
1746 2538 1860 2611 {ingenii
1874 2555 1922 2595 non

291 2628 357 2682 dum
371 2639 433 2682 euru
448 2624 569 2682 codicem
593 2639 664 2680 nunc
680 2622 945 2681 latereeristimeml
958 2621 982 2676 si
995 2629 1084 2676 tamen
1136 2636 1215 2684 seres
1239 2628 1385 2686 editorum.
1410 2630 1499 2700 ipsum
1521 2630 1607 2686 Nicer.
1628 2631 1774 2686 Apronium
1795 2632 1821 2686 in
1847 2645 1923 2701 open

291 2721 375 2787 latet,
396 2727 423 2775 et
447 2732 501 2775 non
527 2722 618 2789 potius
642 2716 790 2774 infortunio
812 2715 904 2787 aliquo
932 2724 1086 2785 assumptos
1138 2718 1252 2790 Eugenii
1264 2729 1291 2776 et
1306 2719 1444 2777 Dracontii
1459 2721 1633 2777 brevissimas
1643 2730 1720 2777 notas
1734 2736 1784 2778 seu
1800 2720 1924 2777 lectiones

292 2811 381 2881 periit.
1138 2811 1271 2868 variantes
1290 2813 1430 2882 scripsisse
1445 2823 1539 2870 aneton
1554 2813 1619 2868 mihi
1639 2822 1682 2870 est
1694 2812 1863 2886 llapansius,
1881 2814 1923 2886 qni

327 2901 380 2975 ss
388 2903 432 2959 50.
441 2902 535 2959 Eidem
542 2900 724 2960 eruditissimo
732 2900 897 2958 Labheoloc.
905 2899 1032 2972 cit.‚pap.
1040 2899 1085 2963 liii.
1138 2917 1185 2959 cas
1208 2918 1273 2960 mss.
1289 2917 1373 2972 penes
1392 2919 1423 2961 se
1437 2904 1571 2972 halreirar,
1590 2915 1671 2976 atque
1689 2903 1770 2961 edere
1784 2905 1925 2976 aliquando

293 2995 363 3053 lranc
382 2996 517 3053 Dracontii
541 2997 699 3053 memoriam
720 2996 824 3053 debeo:
846 2994 980 3051 Gr‘slcierti
995 2997 1088 3050 darec
1138 2983 1284 3065 inpietas,
1299 3006 1328 3052 ut
1342 2996 1460 3053 aiDrmat
1473 2995 1500 3051 in
1518 2996 1575 3052 l'ita
1591 2997 1650 3054 Nic.
1667 2998 1776 3054 dntonii
1791 3000 1925 3068 praemissa

299 3087 380 3144 l'allis
396 3088 494 3143 cliniis
506 3089 604 3143 ordinis
618 3087 792 3144 cisterciensis
814 3103 902 3141 reram
915 3087 943 3141 in
956 3086 1089 3141 sanctissi-
1139 3085 1173 3142 ad
1188 3085 1336 3143 censuram
1355 3085 1457 3144 ilistor.
1471 3087 1603 3155 labulos.;
1618 3089 1666 3144 sed
1680 3088 1796 3144 lortasse
1808 3089 1852 3145 lrce
1869 3098 1926 3145 suat

294 3196 363 3235 snam
385 3180 565 3236 snclroristicm
581 3180 643 3234 addi
664 3188 781 3252 poterent
800 3194 832 3234 ec
850 3176 990 3233 Petreiano
1003 3178 1088 3231 indice
1139 3180 1238 3238 breves
1257 3179 1312 3236 ilie
1325 3188 1399 3236 notae
1412 3190 1441 3236 et
1458 3180 1589 3249 lectiones
1600 3181 1735 3237 variantes
1748 3197 1817 3252 quas
1829 3184 1926 3252 lurra

295 3292 353 3329 cnm
365 3273 511 3329 centonibus
522 3274 555 3330 de
569 3272 717 3342 penitentie
727 3286 758 3327 ca
768 3270 917 3336 Dracontio,
929 3269 1044 3324 oratione
1054 3241 1124 3323 odc
1140 3286 1207 3329 mss.
1228 3272 1348 3343 reliquit,
1365 3281 1391 3328 et
1411 3272 1555 3330 sevidisse
1570 3282 1682 3330 testarer
1698 3273 1757 3330 llic.
1774 3275 1925 3341 Aesonius,

294 3366 425 3423 Cicirrum
440 3366 551 3421 oersilrrs
565 3364 697 3429 Adonicis,
719 3364 752 3419 de
764 3363 849 3418 nrissce
860 3361 1089 3434 sipnipirotionilua
1139 3363 1185 3433 qui
1199 3363 1227 3418 in
1238 3363 1390 3433 lrujnsmodi
1403 3373 1523 3420 retcrum
1538 3365 1720 3421 monumentis
1730 3366 1926 3438 conquirendis,

295 3460 407 3528 clepiaco
415 3456 537 3525 cernere,
549 3456 682 3528 preceptis
693 3454 833 3510 morellius
845 3453 957 3521 heroico,
973 3461 997 3507 et
1007 3451 1090 3524 pluri·
1140 3454 1246 3525 sibique
1259 3454 1449 3527 comparandis
1462 3455 1664 3512 curiosissimus
1674 3466 1733 3512 erat
1746 3464 1776 3512 et
1788 3457 1927 3528 dirigentis

297 3552 342 3606 dus
355 3552 424 3607 eliis.
435 3551 570 3621 Scriptum
578 3557 639 3605 erat
653 3548 798 3615 Diacontio,
809 3547 856 3603 sed
868 3545 1010 3618 legendnm
1023 3546 1091 3600 lira·
1140 3547 1235 3603 simus.
1255 3546 1318 3602 llilri
1339 3547 1456 3617 ignotum
1480 3547 1590 3603 omnino
1606 3558 1649 3605 est
1662 3563 1696 3604 an
1719 3548 1871 3620 dispansius
1884 3562 1927 3605 ess

297 3642 383 3697 contio
397 3650 502 3696 constat
520 3656 555 3695 ox
573 3638 672 3705 indice,
687 3638 733 3708 oui
746 3639 829 3695 verbo
845 3637 1013 3693 Dnreonrrus
1028 3651 1089 3692 eunt
1141 3641 1238 3696 breves
1251 3650 1328 3695 notas
1339 3641 1408 3712 typis
1420 3640 1596 3697 commiserit.

298 3735 387 3789 locem
402 3733 578 3788 demonstrat.
591 3731 671 3786 linita
691 3731 796 3787 suntin
811 3730 947 3785 Dracontii
968 3738 1091 3798 poemate
1177 3733 1224 3789 52.
1247 3733 1381 3789 dndream
1393 3733 1510 3789 linrcnm
1523 3732 1627 3791 Burriel
1637 3733 1784 3790 editionem
1798 3733 1928 3791 sirmondi

299 3825 334 3882 de
347 3824 415 3891 Deo,
429 3825 598 3895 potissimum
612 3838 675 3879 roro
686 3823 712 3879 in
724 3823 808 3892 elegia
822 3823 853 3876 ad
870 3837 959 3892 rogem
971 3820 1092 3877 Grrntlrn-
1142 3841 1203 3881 curn
1216 3826 1361 3896 ltaagrensi
1371 3824 1466 3881 codice
1476 3825 1634 3890 contulisse,
1651 3826 1824 3896 lectionisque
1835 3826 1929 3882 disere·

299 3918 381 3986 rium,
397 3935 429 3973 ex
444 3917 541 3990 qrtibns
555 3926 685 3973 centones
700 3917 734 3971 de
749 3915 905 3986 poerritentio
920 3914 1016 3970 cerdici
1030 3929 1093 3984 pos·
1144 3918 1262 3988 panlinm
1285 3917 1428 3974 adnotasse
1450 3932 1484 3973 cx
1509 3917 1621 3990 uaporis
1643 3915 1735 3974 didici.
1761 3919 1796 3974 lit
1813 3917 1929 3991 qrramris

299 4009 373 4063 sint:
390 4017 419 4064 ιιι
433 4022 542 4063 carmen
557 4007 587 4062 S.
609 4003 778 4071 cnlmnbmi,
794 4004 829 4061 de
843 4020 896 4075 quo
909 4003 1002 4060 conler
1016 4020 1091 4059 num.
1144 4007 1282 4064 Durrielns
1297 4008 1433 4063 communi
1447 4008 1567 4063 omnium
1581 4008 1676 4077 plausu
1697 4007 1864 4073 celebretur,
1877 4021 1930 4061 uon

299 4100 326 4162 8,
341 4113 375 4156 ex
390 4097 525 4156 Dracontii
538 4097 704 4167 aliorumque
720 4096 842 4150 uersibus
855 4110 953 4166 magna
968 4110 1001 4149 ex
1016 4107 1093 4165 parte
1147 4103 1281 4174 ingratum
1308 4104 1360 4156 erit
1381 4110 1471 4156 mmen
1495 4100 1554 4170 ejus
1580 4099 1672 4158 laudes
1691 4099 1726 4156 alr
1754 4099 1931 4156 eruditissimo

300 4191 436 4247 coa¹oseit
450 4190 586 4246 centones
597 4189 623 4244 in
639 4187 721 4243 relrus
731 4187 816 4243 sacris
831 4201 864 4241 er
878 4186 964 4256 poetis
973 4188 1093 4257 prolenis
1146 4195 1260 4265 [reperte
1273 4193 1367 4248 andire
1380 4192 1407 4247 in
1423 4201 1479 4248 nor.
1495 4191 1528 4246 sd
1545 4191 1669 4247 Biblinrln.
1685 4199 1739 4246 vot.
1756 4191 1813 4247 Nic.
1827 4189 1929 4245 soronii

300 4298 315 4337 a
343 4282 464 4338 Faltonia
491 4282 577 4339 Proba
598 4282 760 4353 Sednlioqne
787 4280 893 4337 collecti
917 4290 1035 4337 exstant.
1065 4280 1092 4336 ln
1145 4284 1191 4341 lilr.
1207 4299 1247 4351 tu,
1262 4299 1322 4355 cap.
1342 4284 1380 4339 5:
1399 4281 1566 4338 Dementiam
1586 4283 1719 4339 sirmondi
1735 4299 1795 4338 cern
1813 4281 1930 4337 Tricrene

301 4383 460 4445 argumento
472 4373 584 4445 prolano
599 4385 722 4447 poemata
744 4374 919 4446 Hippodamia
939 4383 966 4430 et
989 4373 1094 4430 dicests
1147 4375 1282 4434 Michaelis
1297 4375 1383 4430 llaisii
1398 4377 1506 4446 diopros
1520 4376 1606 4430 soecrdi
1626 4390 1655 4430 ιι
1670 4376 1758 4430 cod'ce
1776 4373 1891 4439 contrlit,
1906 4382 1930 4427 et

302 4474 369 4522 illm.
386 4463 419 4520 Ν
432 4464 544 4521 Colloct.
559 4465 663 4521 Pisaur.
678 4464 1015 4532 sitleautlortlmltotnine,
1031 4478 1094 4518 cett·
1144 4471 1272 4525 edridnles
1287 4469 1406 4524 ieclt'dnes
1425 4469 1556 4523 ddndfdvil
1575 4468 1691 4524 Andreas
1713 4467 1817 4523 Marcus
1833 4466 1930 4521 Berriei

302 4564 382 4610 torres
393 4564 456 4611 sunl
469 4571 504 4612 ex
524 4555 643 4629 Virgilio,
660 4565 689 4612 ut
704 4555 768 4611 milri
781 4555 889 4625 nisinen
904 4555 1002 4627 legenti
1017 4554 1094 4610 ride·
1147 4561 1209 4618 Soc.
1224 4560 1288 4617 deso
1303 4561 1442 4631 preslpter,
1458 4577 1553 4631 nrnpno
1573 4564 1610 4615 rel
1624 4561 1759 4617 litterarior
1772 4563 1860 4616 damno
1871 4569 1931 4616 onte

301 4648 392 4705 lleillr.
407 4646 548 4706 Poelarttm
565 4664 703 4706 uotorum
715 4660 814 4719 prester
829 4648 998 4703 Dmcttnliutn
1013 4660 1093 4703 nemo
1146 4672 1228 4711 annes
1250 4655 1346 4722 aliqrrot
1369 4663 1524 4720 proenrnltrra
1546 4665 1626 4709 merle
1645 4654 1782 4724 abteplrts:
1793 4669 1852 4724 pact
1872 4667 1930 4706 cum

303 4741 371 4798 alius
381 4755 453 4797 nnnc
464 4743 579 4797 occurrit
591 4758 624 4798 ex
637 4742 714 4814 cnjus
724 4742 846 4797 rersilnrs
856 4750 984 4797 centones
995 4739 1095 4796 luerint
1146 4747 1265 4818 piurimis
1294 4747 1406 4812 eiusdem
1428 4746 1549 4818 stupendi
1575 4744 1651 4813 plone
1676 4745 1773 4799 doloris
1797 4754 1865 4812 otone
1886 4741 1931 4794 in·

303 4831 427 4889 cenred.
450 4831 530 4887 tnocr
552 4832 751 4895 recensendos
775 4832 1094 4898 reposcorreposcor
1147 4839 1253 4893 dnsrsrae
1273 4835 1377 4907 serrone,
1397 4837 1425 4891 rs
1447 4840 1542 4907 repen
1566 4837 1742 4891 orrrrnnecan
1763 4835 1929 4891 decennes

303 4910 442 4995 natalopns
455 4922 625 4980 hiltliotlrcerc
640 4925 785 4980 Alexandri
799 4926 911 4991 Petarii,
925 4941 985 4996 que
998 4924 1031 4980 ad
1049 4941 1093 4982 re·
1146 4937 1233 5001 posteo
1259 4928 1357 4982 delatos
1375 4929 1597 4999 anteproplmspae
1614 4928 1649 4980 nd
1669 4943 1772 4981 omnem
1786 4927 1869 4981 irriso.
1891 4923 1929 4979 De

292 5021 391 5091 'pinam
402 5019 506 5075 Sueeiae
518 5019 677 5073 [irristinanr
693 5018 812 5087 devertit,
826 5018 933 5076 indeed
948 5018 1093 5074 hilrllotlre·
1146 5021 1246 5077 codicis
1259 5029 1339 5075 aetate
1351 5021 1445 5076 conler
1458 5021 1528 5075 dicta
1544 5036 1618 5075 num.
1633 5021 1678 5077 45.
1695 5021 1734 5076 De
1749 5019 1855 5077 Dirrricii
1868 5018 1927 5089 oui

303 5127 363 5168 esur
388 5111 555 5168 vaticanam.
578 5109 800 5179 ilontiauconins,
824 5128 885 5184 pap.
909 5113 944 5168 dl
964 5111 1092 5167 Bibliotlr.
1146 5113 1206 5169 dem
1229 5112 1367 5182 diligentia
1391 5112 1480 5167 omnia
1502 5111 1567 5166 milri
1590 5110 1711 5181 polliceri
1729 5113 1832 5177 debeo,
1848 5107 1926 5166 sedai

304 5206 429 5263 biblioth.
449 5220 536 5273 mss,
550 5221 582 5262 cx
598 5220 629 5260 ea
649 5204 809 5263 stetinenses
829 5207 931 5262 Alexan
942 5207 974 5263 lri
993 5206 1094 5263 Detarii
1146 5205 1232 5260 colum
1247 5204 1405 5260 varietatem
1419 5205 1559 5273 scripturae
1575 5203 1645 5259 inter
1659 5205 1779 5261 codicem
1800 5208 1926 5274 damme·

304 5299 388 5356 relert
414 5298 485 5356 inter
506 5313 573 5356 rnss.
599 5296 768 5355 bibliothecae
793 5298 927 5354 Vaticanus
959 5297 1095 5355 Gisiclrerti
1146 5312 1203 5354 sem
1216 5307 1243 5353 et
1255 5297 1400 5353 editionem
1413 5296 1628 5352 sirmondianam
1641 5296 1925 5366 animadrertit,etpe·

304 5395 395 5447 darec
418 5391 501 5447 Vallis
512 5392 610 5446 nidoris
633 5406 733 5446 cornren
748 5390 779 5446 de
793 5388 968 5446 Enclrorictio.
993 5389 1047 5445 Sed
1067 5389 1094 5445 id
1147 5389 1263 5446 culiares
1275 5404 1337 5446 suas
1351 5389 1521 5458 conjecturas
1536 5403 1589 5444 non
1605 5388 1721 5459 adjecit,
1737 5391 1795 5460 ejus
1809 5389 1925 5446 lectiones

304 5499 376 5541 nunc
387 5499 438 5541 non
450 5487 582 5556 reperitur
592 5486 618 5542 in
630 5484 790 5541 bibliotlrera
804 5482 941 5548 Vaticana,
956 5482 993 5538 uti
1006 5482 1095 5552 plures
1147 5481 1281 5537 variantes
1306 5480 1394 5534 minus
1409 5494 1479 5534 rrunc
1493 5489 1556 5533 sunt
1570 5481 1742 5547 necessariae,
1757 5480 1810 5553 Μ
1826 5494 1880 5536 eum
1895 5474 1923 5530 ia

305 5575 351 5631 alii
365 5577 499 5633 Denariani
510 5578 617 5634 codices
630 5577 828 5634 desiderantur.
1149 5571 1269 5627 editione
1296 5570 1444 5626 Matritensi
1465 5569 1622 5625 Dracontius
1644 5573 1774 5640 prodierit
1794 5587 1851 5628 cnrn
1864 5573 1924 5624 lta·

341 5669 386 5725 sl.
404 5669 517 5725 Codices
529 5671 596 5725 alios
611 5671 755 5738 Dracontii,
768 5671 889 5742 utramuis
902 5668 928 5723 in
944 5669 1033 5725 multis
1047 5684 1093 5725 ca·
1119 5645 1125 5658 ,
1149 5664 1239 5737 prensi
1254 5664 1355 5730 codice,
1370 5671 1398 5718 ct
1409 5662 1594 5718 sirmondiana
1607 5662 1725 5721 editione
1737 5662 1923 5735 diligentissima

307 5750 402 5820 talogio
415 5754 537 5808 codicum
558 5770 624 5812 mss.
646 5758 788 5828 diligenter
805 5756 951 5828 orresitos,
975 5755 1096 5812 inuenire
1148 5755 1271 5811 collatus.
1286 5753 1480 5809 Animadverte
1494 5762 1623 5823 praetcrea
1637 5754 1772 5814 diversum
1787 5772 1802 5811 a
1819 5757 1921 5811 unno-

307 5857 363 5899 non
376 5842 458 5911 potui.
472 5843 509 5897 De
519 5846 590 5900 noris
599 5862 665 5903 mss.
678 5849 705 5904 in
716 5850 888 5906 Dracontium
903 5863 987 5919 pauca
998 5861 1094 5921 super·
1149 5844 1707 5918 tioosseccponium,cn1'nsllcraemeron
1720 5864 1770 5907 ms.
1784 5845 1921 5907 asseruit!
