4150 6192
96 295 100 302 ’
197 338 250 401 ιιι
790 307 929 392 cannen
948 328 1089 391 usuro.
1109 331 1174 390 nte.
1194 328 1227 387 tt.
1767 327 1822 389 aas

198 456 251 516 605
287 454 395 510 Viscera
409 448 468 507 lusa
482 450 581 515 lluunt,
592 447 657 504 ltine
671 460 719 503 eor
732 446 841 503 mudule
857 446 982 517 patescit,
996 451 1022 511 Α
1122 441 1175 498 Per
1191 452 1275 507 mare,
1293 452 1343 510 per
1364 443 1466 507 terres,
1483 445 1513 495 ut
1526 435 1624 496 christi
1644 451 1739 494 nomon
1758 443 1822 499 ado·

289 544 470 610 funestatque
484 539 553 595 diem
567 537 730 607 deeorpore
746 536 806 592 tabe
818 535 947 593 madenti.
1703 528 1785 602 [rene

323 631 458 702 Legimus,
487 630 641 683 innumeras
663 627 767 682 reniam
790 623 920 680 meruisse
940 637 986 679 ea·
1127 620 1300 691 Gentilesque
1314 621 1388 686 deos,
1401 629 1428 679 et
1440 620 1566 678 cordibus
1579 620 1648 676 idola
1662 622 1773 689 peltant,

851 712 951 787 [terrae
1038 712 1091 770 580
1125 707 1540 785 '271llareeadatesanimo,
1570 717 1681 783 percant
1692 712 1823 769 Saturnus

289 814 370 888 270
382 812 473 869 ludes
494 809 528 866 tle
541 817 621 880 pente
635 821 707 877 reae,
730 807 878 878 mortisque
893 807 985 862 minis·
1655 805 1695 880 [et
1705 810 1791 863 dress

406 940 421 968 ,
455 973 457 978 Ι
758 940 768 958 ,
882 894 951 967 [tros
1127 897 1260 969 luppiter,
1278 896 1823 969 atqueieuus,'l'itauimlunullupitlm

289 993 397 1065 Optima
410 998 545 1061 perpetuu
559 988 708 1057 semp-isse
722 987 779 1041 itare
788 1001 898 1041 munera
909 984 984 1049 nite.
1127 988 1176 1044 l'el
1190 990 1340 1058 quicunque
1352 988 1389 1044 dit
1404 989 1458 1043 lieti
1473 1003 1599 1043 serruoue
1613 998 1718 1044 teltteto

198 1087 254 1146 575
290 1085 408 1151 Quorum
419 1080 516 1136 Paulus
530 1086 589 1134 erat
601 1074 910 1148 caputexstausqraude
926 1088 985 1130 uta·
1125 1077 1274 1134 Credantur
1285 1078 1323 1132 nil
1338 1091 1427 1148 posse,
1452 1077 1531 1131 simul
1551 1076 1617 1132 nihil
1634 1091 1693 1132 esse
1713 1076 1824 1147 prolien-

837 1166 949 1239 [lorumt
1725 1163 1789 1238 [tur.

293 1263 327 1317 Et
336 1269 425 1317 umen
436 1260 494 1331 ipse
511 1258 558 1315 luit
572 1258 638 1329 legis
648 1267 709 1329 post
719 1257 829 1312 crimina
840 1257 951 1323 doctor,·
1031 1305 1044 1318 ,
1162 1258 1241 1316 Solus
1256 1258 1354 1328 ultique
1369 1258 1448 1324 Deus,
1464 1273 1553 1314 rerrtm
1568 1256 1637 1326 lons,
1653 1255 1785 1323 ceniditor,
1799 1266 1826 1312 ct

292 1351 446 1425 llsrtyrium
467 1351 604 1421 e'tepltauo
617 1349 662 1421 qut
677 1349 787 1415 lecerat,
801 1348 862 1404 iude
875 1349 987 1418 recepit,
1480 1344 1492 1353 '
1704 1346 1790 1418 [spes.

292 1443 327 1499 lit
351 1442 449 1497 meruit
461 1441 580 1512 plenam,
596 1454 675 1509 quarn
689 1438 803 1495 eontulit
817 1448 890 1506 auto,
911 1453 990 1494 coro·
1040 1437 1093 1497 685
1129 1438 1202 1495 idem
1229 1453 1337 1509 semper
1359 1438 1423 1503 cris,
1443 1438 1512 1507 quod
1535 1447 1563 1496 et
1577 1452 1617 1504 es,
1632 1436 1749 1508 quoti-et
1765 1444 1827 1491 ante

859 1531 952 1604 lnam,
1694 1528 1792 1603 lusisti,
1869 1600 1872 1605 Ι

291 1625 320 1680 lu
334 1639 365 1681 se
379 1639 441 1681 vcra
454 1621 503 1678 lici
514 1621 678 1678 confirmans
690 1623 771 1677 rerba
782 1621 919 1694 probarit:
1127 1622 1169 1679 itit
1184 1623 1298 1690 addens,
1309 1624 1468 1679 minuensve
1482 1621 1528 1679 tibi
1541 1621 1724 1678 crescentibus
1737 1621 1829 1678 anuis.

202 1714 257 1774 575
292 1715 349 1772 lloe
359 1715 473 1785 patietur
488 1714 578 1784 laomo,
590 1712 661 1782 quod
673 1714 812 1783 quisquam
826 1712 920 1770 lecerit
931 1713 987 1769 ulli.
1128 1711 1260 1784 Tempora
1270 1723 1417 1784 mutantur,
1426 1724 1452 1768 te
1463 1726 1598 1783 nunquam
1608 1713 1704 1769 secutio
1714 1723 1827 1779 mutant,

291 1806 346 1864 Sed
368 1805 455 1861 bouus
471 1806 590 1876 excepit,
614 1804 686 1876 quod
696 1813 759 1860 tuno
773 1804 845 1861 male
858 1804 924 1861 lecit
937 1806 987 1861 ini·
1003 1801 1027 1866 B
1135 1805 1247 1873 Qualem
1262 1805 1346 1875 prima
1358 1803 1517 1868 clientulam
1532 1799 1610 1859 simul
1622 1803 1714 1859 ultima
1727 1815 1830 1862 noscet,

863 1896 954 1971 [quus,
1131 1896 1199 1955 Cum
1222 1905 1249 1953 te
1262 1911 1317 1951 uon
1331 1903 1459 1963 caperent
1472 1894 1543 1961 coeli,
1558 1904 1699 1966 terreque,
1724 1894 1828 1953 lretutn

293 1991 369 2061 Quod
402 1990 525 2060 populos,
552 1996 699 2060 gentesque
726 1987 826 2044 doeens
858 1989 991 2045 convertit
1717 1989 1792 2059 ique,

856 2076 955 2148 [eundo
1046 2081 1099 2138 590
1137 2080 1217 2137 deris
1231 2092 1256 2136 et
1272 2080 1399 2153 spatium,
1416 2079 1560 2136 moliente
1575 2078 1656 2135 corde
1670 2080 1777 2150 reponis

826 2190 1020 2250 stutrtttttu
1038 2194 1115 2252 COD.
1137 2193 1216 2250 VAT.

243 2312 305 2369 565.
321 2309 355 2364 d.
371 2308 428 2374 larsa
440 2304 553 2358 tetrior
567 2321 590 2358 c.
1081 2306 1302 2373 iustumne.
1370 2365 1371 2368 ¹

242 2384 305 2440 569.
320 2379 464 2449 Sumpsissc
476 2391 590 2429 murrera.
1083 2378 1145 2433 585.
1162 2377 1221 2430 Eris
1235 2377 1302 2446 puori
1315 2391 1351 2436 es,
1365 2376 1505 2444 quodcta.

243 2455 305 2511 580.
321 2451 451 2507 desiimus
462 2454 486 2501 el
499 2460 568 2500 urat.
1082 2447 1144 2505 500.
1159 2446 1202 2500 As.
1211 2447 1232 2501 t's
1243 2454 1267 2499 el
1281 2448 1403 2513 spatium.

966 2533 1086 2591 NOTAE.

245 2656 309 2712 505.
324 2652 385 2708 Alio
403 2648 484 2706 motio
497 2646 592 2715 compl
613 2652 701 2714 potest
715 2644 852 2716 ruendum,
871 2645 996 2703 uidelicet
1085 2649 1146 2706 579.
1169 2648 1247 2703 ldoln
1274 2647 1361 2704 media
1376 2656 1507 2717 correpti,
1524 2655 1552 2700 nt
1566 2648 1591 2701 iu
1611 2648 1685 2715 titoq.
1707 2665 1767 2705 tere
1785 2653 1830 2720 90,

208 2726 317 2783 Viscera
330 2723 398 2791 ladit
407 2722 478 2774 dumi
488 2735 532 2772 ror
541 2727 565 2772 et
578 2717 681 2771 crudele
691 2717 806 2783 patescit.
1048 2719 1111 2775 Ciam
1129 2719 1265 2773 Dominam
1280 2719 1377 2781 norint,
1390 2718 1460 2772 tinto
1473 2733 1538 2770 nane
1553 2717 1709 2775 colunt.·Sic
1726 2734 1831 2791 semper

248 2795 315 2850 567.
328 2792 435 2848 Certum
450 2789 554 2844 ridetur
576 2791 665 2854 plures
681 2800 696 2842 e
710 2784 863 2855 ludnisqui
882 2795 995 2841 mortem
1047 2789 1118 2843 idolo
1131 2790 1245 2843 elierunt
1266 2787 1437 2853 Prudentius,
1462 2789 1559 2842 uratur
1575 2789 1672 2859 aliique
1699 2789 1832 2849 iuuumcrl

205 2864 308 2921 Christi
323 2869 540 2933 procuraverant,
556 2857 676 2924 aliosque
688 2871 703 2911 e
716 2855 861 2923 gentilibus
876 2855 922 2923 qui
935 2871 994 2911 earu
1048 2857 1193 2914 Christiani
1208 2871 1304 2925 poete.
1320 2858 1459 2913 dationem
1474 2858 1551 2923 liuius
1563 2858 1763 2914 consuetudinis
1776 2861 1832 2917 retl-

205 2934 363 2992 intuterant.
377 2928 483 2985 reniam
497 2943 511 2982 a
524 2926 581 2982 [leo
594 2925 677 2982 lusisse
688 2933 860 2990 consecutos,
870 2939 930 2981 curn
946 2941 996 2992 pro
1048 2928 1102 2984 utut
1118 2929 1144 2983 in
1161 2931 1308 2997 proleqom.
1325 2930 1357 2982 ad
1372 2927 1543 2982 Prudentinm
1559 2927 1708 2984 numidii.

205 3006 251 3061 eis
263 3002 393 3058 murinus
412 3000 438 3053 in
453 3012 531 3055 eruce
544 2995 663 3065 pendeus
677 2994 794 3051 oraverit
813 3004 841 3049 ct
854 2994 995 3051 exauditus
1083 2998 1145 3054 580.
1159 3000 1242 3055 urens
1252 2998 1302 3054 luit
1312 2996 1465 3053 illusionis
1479 3014 1511 3052 es
1523 2997 1633 3063 calisto,
1648 3014 1726 3066 quarn
1740 3010 1832 3070 postea

206 3074 292 3130 luerit
305 3087 354 3143 pro
367 3083 416 3126 sua
434 3069 594 3131 reuerentia,
611 3067 687 3120 utait
702 3065 845 3133 Apostolus
858 3065 891 3120 ad
910 3065 992 3120 liebr.
1048 3066 1144 3124 Ursam
1167 3070 1296 3140 majorem
1318 3068 1345 3122 in
1365 3067 1435 3123 coelo
1459 3068 1580 3123 lecerunt
1605 3077 1706 3134 poetro.
1729 3080 1758 3124 ut
1784 3076 1835 3127 ur*

206 3159 313 3268 mot
333 3133 997 3279 'ttsielltlttlldldlt,ilidii
1010 3122 1034 3186 ⁰
1049 3138 1519 3273 iiiiii'tittlltitidltlt
1534 3135 1835 3278 lilltttliilld

309 3252 316 3267 s
492 3267 494 3270 ,
1251 3250 1258 3273 t
1642 3248 1650 3274 7

206 3283 307 3340 bliotln
322 3280 439 3336 Petrum.
1048 3288 1090 3334 est
1104 3280 1131 3335 in
1150 3278 1273 3346 Arcadia,
1290 3288 1318 3333 ut
1333 3277 1409 3333 multi
1430 3284 1567 3343 asserunt;
1582 3278 1627 3333 alii
1643 3278 1670 3332 iu
1684 3277 1762 3336 Creta
1778 3297 1833 3335 ma·

246 3352 311 3407 569.
324 3350 384 3406 Lib.
401 3364 440 3414 ιιι,
455 3360 528 3404 tera.
542 3346 606 3410 155,
617 3345 682 3412 Quu
695 3360 741 3399 nes
753 3354 998 3418 oetmuoespernmus
1050 3348 1117 3403 lunt.
1134 3348 1235 3405 Poterit
1259 3349 1337 3404 etiam
1353 3347 1436 3418 accipi
1458 3349 1537 3403 Arcus
1553 3362 1600 3416 pro
1620 3348 1762 3415 Mercurio,
1788 3351 1834 3420 qui

207 3437 318 3478 munera
339 3421 406 3473 ritu.
438 3416 583 3485 sumpsisse
601 3431 706 3469 manem
726 3429 778 3469 uon
798 3417 916 3470 cohaeret
935 3432 995 3471 curu
1048 3426 1179 3473 natusest
1192 3420 1218 3473 in
1232 3418 1343 3490 Cyllene
1356 3418 1476 3472 Arcadiae
1490 3428 1589 3478 moute,
1603 3418 1750 3487 adeoquea
1767 3422 1834 3475 mul·

208 3500 316 3547 ruetro:
336 3491 399 3544 lniue
415 3488 552 3553 sumpsisse
575 3485 629 3540 dur
647 3500 763 3550 munna,
787 3493 832 3539 aut
849 3487 947 3539 senine
962 3486 997 3540 orl
1051 3488 1086 3541 tie
1097 3488 1180 3542 Areas
1191 3488 1361 3544 eturcadius
1374 3487 1461 3543 rtictus
1474 3500 1525 3542 est.
1537 3487 1637 3543 Statius
1648 3490 1769 3546 absolute
1785 3505 1833 3560 pro

209 3577 329 3629 mma,
345 3560 386 3616 rel
396 3557 531 3621 mortisque
541 3556 652 3610 ministri
667 3554 771 3623 Optima
783 3565 911 3622 perpetuae
926 3572 998 3610 sum·
1049 3555 1182 3612 Mercurio
1192 3557 1294 3612 Arcada
1308 3561 1396 3625 posutt
1407 3558 1426 3610 l.
1443 3571 1470 3617 ι,
1486 3556 1547 3611 silv.
1565 3559 1590 3622 l,
1607 3573 1678 3613 vers.
1690 3559 1752 3614 107.

209 3642 318 3705 purant
329 3645 433 3683 russum
447 3627 514 3692 nitu,
534 3626 576 3681 rel
589 3625 724 3694 sumpsisse
734 3624 838 3694 pruinis
849 3626 916 3690 situ,
931 3641 996 3695 pro·
1084 3625 1146 3682 581.
1162 3626 1263 3681 Titania
1284 3636 1325 3681 cst
1346 3624 1439 3690 Diona,
1455 3640 1532 3680 soror
1546 3626 1627 3690 Solis,
1644 3630 1688 3697 qui
1703 3626 1780 3684 Titan
1793 3628 1834 3684 di·

209 3703 293 3756 ducta
309 3700 399 3756 ultima
416 3700 442 3752 in
463 3696 600 3768 sumpsisse
612 3695 647 3751 olt
661 3693 825 3764 prolationis
848 3696 994 3764 sequentis.
1047 3697 1126 3752 uitur.
1137 3696 1249 3752 Ouidius
1263 3696 1309 3751 lilt.
1327 3710 1356 3750 ιιι
1383 3695 1458 3757 liet..
1480 3709 1552 3748 vers.
1567 3696 1630 3761 175,
1657 3696 1773 3766 dantque
1798 3699 1833 3754 iii

208 3770 347 3836 sedulius,
373 3769 392 3823 1.
421 3782 441 3835 ι,
455 3781 528 3822 vers.
544 3765 607 3829 510,
632 3768 716 3820 Aures
742 3772 871 3835 perpetuae
891 3767 997 3838 sapietis
1048 3767 1174 3832 perluitur
1187 3768 1264 3822 solita
1285 3764 1386 3820 Titania
1400 3763 1527 3835 lympha:
1542 3764 1597 3819 etl.
1614 3779 1650 3821 tr.
1666 3764 1740 3820 Fust.
1757 3783 1830 3823 vers.

208 3841 319 3913 proeruia
328 3840 394 3894 rita.
1047 3835 1110 3901 915,
1124 3835 1189 3892 Cum
1200 3836 1255 3892 Pur
1273 3836 1310 3905 qis
1321 3835 1441 3891 Assaraci
1456 3833 1558 3888 Titania
1577 3834 1657 3904 fratre
1670 3835 1757 3890 relicto
1767 3851 1776 3889 .·
1788 3838 1832 3894 ulti

245 3908 425 3964 studuimus
438 3921 486 3976 per
500 3904 746 3974 pernumium
761 3903 892 3975 signillcat
903 3919 995 3975 super-
1047 3905 1128 3975 aliqui
1144 3907 1234 3976 lequnt
1248 3852 1379 3961 firtonis.

208 3980 336 4034 eminens.
366 3979 464 4033 Paulus
477 3986 556 4047 eaput
570 3988 663 4030 eorum
683 3973 779 4029 dieitur
793 3975 837 4043 qni
851 3974 995 4031 Ecclesiam
1082 3976 1144 4031 stt.
1167 3977 1226 4033 Lib.
1242 3991 1283 4036 ιιι,
1299 3974 1443 4040 versili,
1457 3973 1567 4045 Corrfieti
1579 3990 1692 4031 sumone
1702 3973 1762 4040 ttei,
1777 3986 1832 4031 ete.

205 4058 239 4106 et
252 4048 343 4104 lesum
352 4049 487 4105 Christum
501 4047 527 4100 in
538 4044 666 4100 membris
674 4048 730 4098 suis
741 4044 852 4113 perdere
860 4046 997 4100 etexstiu·
1082 4045 1146 4102 585.
1161 4046 1315 4112 Prudenter,
1332 4054 1453 4113 utsupra
1466 4059 1536 4100 vers.
1549 4044 1585 4100 86
1599 4045 1663 4100 disi.

206 4132 295 4190 quere
306 4118 482 4174 conabantur.
502 4114 567 4169 lide
580 4115 660 4183 epist.
676 4114 686 4167 l
706 4113 739 4168 ad
753 4113 882 4181 linurin,
895 4129 955 4185 cap.
974 4129 994 4182 t,
1082 4112 1146 4172 sut.
1163 4116 1233 4174 Deus
1253 4131 1325 4187 spes,
1341 4129 1369 4171 ut
1383 4117 1484 4172 dictum
1499 4115 1525 4169 iu
1537 4124 1598 4170 uota
1613 4115 1646 4171 ad
1667 4128 1739 4172 nere.
1757 4116 1769 4170 l
1783 4114 1835 4171 hu·

207 4203 286 4244 vers.
303 4189 346 4256 15,
358 4197 386 4244 et
395 4187 455 4242 Act.
471 4196 558 4256 apost.
569 4199 629 4253 cop.
642 4198 686 4238 rttt
701 4192 728 4237 et
743 4197 806 4237 xrtt.
1044 4185 1089 4256 jus
1100 4186 1171 4242 libri.

245 4258 311 4314 tiis.
328 4258 505 4327 deuteprima
527 4257 553 4308 ln
568 4253 698 4322 Stepiruno
711 4254 864 4320 corripitur,
879 4267 940 4323 quse
955 4263 995 4307 ta·
1081 4256 1144 4313 585.
1170 4256 1229 4313 tto.
1246 4271 1286 4320 ιιι,
1307 4269 1377 4309 ress.
1398 4254 1461 4316 515.
1478 4255 1528 4320 Qui
1544 4255 1637 4311 meula
1657 4263 1751 4323 mutat,
1776 4254 1835 4312 Nea

205 4342 274 4383 sucu
288 4327 381 4382 eadem
405 4328 494 4381 minure
516 4325 585 4379 bene
605 4325 631 4378 in
645 4322 734 4389 Elegia
755 4324 909 4391 producitur
921 4336 993 4376 uera.
1045 4335 1145 4381 mutent
1160 4326 1425 4390 lunesoeelatumen,
1446 4325 1518 4398 quia,
1542 4327 1610 4396 qnod
1633 4326 1692 4397 snio
1718 4326 1767 4382 iter
1785 4337 1833 4394 est,

206 4398 276 4469 171,
290 4398 341 4453 nisi
352 4396 492 4467 legenilum
503 4398 548 4457 sit,
562 4401 676 4463 utputo,
686 4392 752 4447 Ante
764 4391 828 4446 allus
838 4392 993 4463 Stephanus.
1046 4394 1106 4450 Huc
1126 4398 1174 4451 erit
1188 4404 1308 4452 teteritas.
1331 4395 1406 4465 [leg.
1422 4411 1494 4451 rens.
1511 4394 1539 4464 8,
1562 4394 1635 4452 Idem
1654 4411 1752 4467 semper
1770 4399 1832 4464 eris,

207 4466 330 4522 veroum
344 4471 428 4537 [aem
439 4465 611 4534 amplissime
624 4462 825 4531 significationis
834 4472 874 4516 est
883 4471 932 4544 te}
946 4476 994 4531 pro
1009 4479 1035 4539 Ι)
1048 4467 1126 4533 quius
1137 4465 1269 4531 mesimeri
1279 4466 1374 4532 [arros.

205 4536 306 4604 afferre
316 4537 471 4591 condatino
481 4536 597 4604 ponitur,
611 4534 661 4601 uti
667 4548 731 4588 :rere
741 4534 819 4586 alieni
832 4532 994 4596 medemena,
1084 4535 1146 4592 590.
1162 4534 1219 4591 tior
1238 4536 1324 4605 ipsum
1339 4544 1381 4589 est
1399 4534 1469 4604 quod
1486 4536 1557 4589 cauit
1579 4534 1699 4592 Ecclesia
1713 4536 1747 4592 ile
1771 4536 1834 4593 llei-

205 4606 362 4668 rettaerliurrt,
379 4606 523 4673 perniciem,
539 4614 655 4658 mortem.
673 4602 712 4656 Ex
727 4603 854 4674 martyrio
869 4603 996 4669 Stephani
1049 4621 1133 4677 pnra:
1155 4604 1236 4670 Quem
1248 4604 1304 4658 culi
1315 4619 1406 4670 cupere
1416 4620 1467 4657 arou
1480 4613 1658 4674 potueruntne
1668 4606 1765 4677 premio
1775 4622 1834 4661 eon.-

209 4674 312 4731 Paulns
335 4676 490 4744 martyrium
512 4676 624 4738 recepit,
648 4673 709 4740 qnia
730 4671 800 4726 illius
825 4674 947 4740 precibus
964 4672 997 4726 acl
1050 4675 1143 4740 tulisti,
1163 4686 1191 4731 ut
1206 4674 1380 4729 animaduerti
1403 4675 1436 4728 ati
1457 4689 1529 4730 vers.
1555 4674 1660 4739 ottold
1683 4675 1778 4731 similis
1794 4685 1836 4730 est

207 4745 294 4801 tidem
309 4743 372 4799 lesu
389 4744 717 4806 christleonrersusest,
733 4757 847 4812 proquo
869 4743 998 4813 martyrio
1053 4749 1205 4802 sententia:
1232 4743 1285 4799 Seri
1307 4760 1358 4797 non
1379 4744 1520 4812 comendes
1532 4744 1562 4798 nl
1578 4745 1669 4800 isdem.
1687 4748 1757 4800 luter
1776 4756 1834 4801 ear·

206 4823 358 4871 eoronuue
370 4823 422 4869 est.
1053 4818 1125 4869 minu
1144 4814 1251 4869 Damasi
1268 4828 1356 4883 poem.
1371 4811 1400 4870 i.
1419 4822 1445 4867 et
1465 4825 1527 4884 post
1540 4815 1657 4870 carmina
1673 4813 1833 4870 Claudiani:

247 4885 311 4940 575.
328 4884 455 4938 Fortasse
478 4882 572 4938 allrrdit
590 4880 625 4935 ad
646 4894 744 4935 nomeu
765 4880 906 4951 Stephani,
927 4880 997 4952 qnod
1053 4884 1401 4951 llortatinrnrdadrtipicem
1414 4885 1570 4956 irenopoli,
1584 4882 1834 4953 rnnndiquesubimo

204 4955 305 5009 Gracc
317 4967 443 5008 eoronam
457 4951 598 5023 siguificat.
1052 4951 1176 5008 Pectore:
1190 4956 1234 5023 qui
1255 4961 1335 5007 tntum
1353 4953 1403 5007 lete
1421 4953 1596 5026 complectitur
1614 4954 1708 5018 oriem,
1733 4952 1767 5007 Et
1790 4953 1836 5023 qai

245 5025 310 5081 575.
325 5023 444 5093 intelligo
454 5038 514 5090 esp.
528 5037 563 5074 ru
578 5021 683 5083 llattlt„
697 5034 767 5076 sets.
783 5021 811 5086 1,
826 5018 998 5087 laqueemur
1049 5040 1101 5078 nou
1114 5024 1203 5091 spatiis
1213 5033 1298 5093 terrae,
1311 5039 1362 5076 nen
1371 5026 1573 5093 aequorisrnulis,
1584 5024 1639 5079 llice
1650 5027 1749 5091 cupitur
1759 5024 1833 5086 culo,

203 5095 397 5169 iudicauerint,
419 5091 610 5162 judicabimini,
634 5100 664 5142 et·
679 5090 706 5143 r'rt
727 5106 906 5158 quameusura
920 5092 999 5144 mensi
1048 5110 1141 5164 paruos
1155 5095 1278 5163 consinsit
1292 5094 1318 5147 in
1332 5094 1580 5151 circellionum
1596 5095 1721 5163 hymnum
1736 5094 1833 5147 lurtu-

201 5161 576 5290 {animaduersionis
593 5163 658 5227 Quae
681 5162 813 5215 sententia
833 5162 924 5216 multis
938 5162 998 5215 aliis
1049 5165 1116 5230 uati,
1134 5163 1213 5228 Quem
1235 5173 1311 5224 terra,
1329 5173 1432 5230 pontus,
1453 5165 1557 5226 oetiera,
1578 5173 1630 5218 etc.
1654 5162 1730 5226 Quod
1744 5173 1832 5218 autem

217 5249 237 5288 u
261 5232 329 5287 locls
351 5246 446 5288 saure·
462 5234 564 5300 pnqinte
583 5229 709 5285 refertur.
733 5231 787 5286 Nee
806 5231 935 5287 dissimile
957 5242 998 5287 est
1049 5234 1088 5288 alt
1114 5233 1283 5300 Dracontius,
1299 5234 1402 5287 Medico
1422 5245 1446 5289 te
1459 5235 1534 5288 eorde
1544 5232 1646 5304 reponis
1664 5232 1775 5287 l’ceteris
1785 5231 1834 5285 ltu·

200 5303 283 5372 qued
296 5304 333 5356 ait
343 5302 486 5373 Apostolus
496 5304 530 5355 ιιι
547 5299 644 5369 Epltes.
661 5314 720 5369 cap.
732 5316 771 5365 ut,
781 5316 853 5356 uero.
865 5301 893 5365 8,
908 5301 997 5357 Seicu·
1049 5305 1133 5371 muni,
1156 5303 1266 5368 liquente
1280 5304 1397 5373 loquitur
1419 5320 1479 5358 curn
1494 5301 1581 5356 multis
1596 5301 1729 5365 Patribus,
1748 5310 1777 5356 ut
1793 5302 1834 5356 in·

201 5386 248 5429 res
273 5376 396 5438 quamam
413 5374 584 5441 unusquisque
604 5371 769 5442 qaodcunque
787 5373 872 5443 iecerit
887 5372 997 5438 lesuin,
1055 5382 1128 5441 ιιιιιι,
1155 5374 1184 5427 ll.
1202 5372 1337 5441 Virginem
1353 5375 1424 5444 prius
1448 5382 1535 5427 mente
1554 5385 1633 5438 quam
1649 5383 1724 5427 utero
1737 5386 1835 5428 couce-

201 5443 397 5508 eaeredptue
411 5442 532 5497 Dmninu.
1056 5443 1140 5515 pisse.
1155 5443 1304 5499 Notandum
1327 5452 1368 5498 cst
1390 5441 1486 5496 multas
1510 5439 1661 5509 hujusmodi
1688 5441 1835 5497 locutiones

245 5512 310 5568 576.
327 5511 483 5584 llartprluut
501 5509 575 5582 quod
586 5510 691 5581 iniquus
706 5510 834 5567 intulerat
848 5510 999 5583 Stephano,
1057 5515 1182 5584 liguratas
1203 5528 1218 5568 e
1241 5513 1326 5583 poetis
1338 5510 1496 5565 Christianis
1513 5513 1660 5578 praesertin·
1680 5511 1835 5581 desumptas

199 5582 318 5644 excepit
333 5583 391 5651 ipse
408 5585 503 5637 burrus.
1057 5582 1083 5637 in
1109 5584 1198 5638 oilleio
1220 5580 1399 5638 eeclesiastico
1422 5579 1542 5646 retineri,
1559 5587 1589 5635 ut
1608 5582 1634 5637 iu
1653 5581 1836 5651 liespnusorio

244 5650 311 5706 577.
325 5649 423 5706 Paulus
436 5652 556 5722 gentium
568 5651 662 5705 doctor
675 5659 853 5718 nuncupetur.
872 5643 1003 5706 hamarim
1057 5653 1147 5723 quinto
1159 5649 1373 5707 circumcisionis
1387 5666 1394 5705 ι
1408 5647 1593 5716 Condrusorum
1607 5661 1642 5706 cst
1655 5669 1699 5706 eor
1713 5651 1848 5719 Virqinis,

198 5735 295 5781 cartu.
311 5721 341 5791 7,
352 5718 474 5778 Gentiles
484 5737 515 5776 ne
525 5721 718 5793 papstisjnnns
731 5723 869 5793 prreuirsrc
879 5737 947 5776 erra.
1057 5723 1084 5776 in
1094 5737 1143 5794 qus
1155 5722 1242 5776 diuina
1253 5719 1383 5791 mysteria,
1402 5718 1494 5793 nnqelo
1504 5721 1646 5791 nuntiante,
1657 5724 1769 5796 eorrupit
1786 5739 1794 5778 .·
1808 5733 1846 5783 ιι,
