4150 6192
150 322 185 387 ⁵⁵³
679 317 967 380 rnnusrumsuou
986 316 1093 375 uuuu.
1117 315 1162 371 aa.
1699 309 1752 370 qu

209 438 317 509 Quisque
337 449 385 493 sua
405 434 484 492 latus
502 450 563 494 caat
578 435 698 508 'conjoge
710 478 720 505 ,
733 436 857 494 dulcibus
875 444 903 492 et
918 439 942 499 Α
1045 433 1119 492 dado
1130 429 1318 489 columnamm'
1330 432 1452 499 geminus
1466 430 1602 504 laquearia
1615 431 1684 495 lecti

809 525 881 599 [cum
956 525 1011 583 220
1082 525 1212 593 Sustinet,
1226 526 1328 582 auratis
1341 525 1495 597 suppositus
1508 525 1648 582 trabibus:

150 624 185 682 ul
238 619 395 692 Pignoribus
407 618 532 690 rapidum
544 631 656 688 carpere
667 617 747 688 gestu
760 616 823 674 iter.
1047 617 1191 674 Addunlur
1202 618 1317 688 graciles
1331 625 1402 673 tecto
1415 616 1540 672 breuiore
1551 630 1687 686 recessus,

210 711 249 767 llis
262 710 372 782 capiunt
386 711 471 779 pauli
485 709 645 782 populorum
656 709 755 780 gaudia
767 708 866 778 canopi,
1085 709 1136 777 Qui
1149 711 1264 766 laterum
1276 709 1374 766 scriem
1385 708 1487 780 jugiter
1499 709 1652 764 essiument.

238 804 326 860 iberes
337 811 365 859 et
381 800 410 862 in
424 802 529 872 maguis
540 802 625 859 densa
638 801 737 859 cobors
748 801 853 868 spatiis
1052 801 1160 874 1188
1170 802 1206 857 At
1217 801 1322 859 medios
1333 801 1420 871 aperit
1432 810 1535 857 tracuus
1548 801 1589 857 uia
1605 800 1685 857 latior
1696 800 1743 857 alti

209 900 350 967 Angustum
368 896 450 952 tantis
462 894 527 950 illud
542 907 640 963 specus
651 907 712 949 csse
726 893 852 958 cateruis,
1084 896 1215 952 culminis
1227 910 1376 965 exsurgens
1389 896 1504 953 editiore
1518 897 1605 966 apice.

240 989 316 1047 llaud
328 989 440 1046 dubium
451 996 504 1057 est,
517 986 605 1057 ampla
618 986 696 1042 lauee
709 985 773 1043 licet
786 994 886 1057 pateat.
960 986 1016 1045 aab
1051 986 1152 1044 Fronte
1164 985 1216 1042 sub
1228 986 1340 1043 aduersa
1353 986 1480 1055 gradibus
1493 987 1607 1043 sublime
1622 988 1738 1046 tribunal

149 1081 183 1140 lli
209 1080 262 1144 Siai
271 1082 320 1139 sed
328 1082 405 1153 justu
415 1079 500 1147 uliud,
511 1079 582 1152 quod
593 1088 667 1136 taruta
679 1079 829 1150 frequentia
843 1090 909 1135 letu-
1089 1078 1193 1150 1187
1200 1075 1755 1148 Tollitur,aututmpradirutundebcuuu.

787 1170 873 1244 [plum
1053 1171 1136 1228 Plena
1152 1170 1305 1226 laborantes
1317 1184 1389 1239 aegre
1399 1169 1496 1225 domus
1508 1170 1605 1239 accipit
1618 1171 1714 1241 nudus,

242 1266 316 1322 Func
327 1265 417 1330 adeat,
431 1262 507 1320 coitu
521 1261 610 1319 nobile
625 1261 747 1333 aegilion,
1088 1262 1223 1331 Atriaque
1235 1259 1366 1316 consertis
1377 1267 1474 1316 aestuat
1485 1262 1512 1315 in
1526 1259 1638 1326 iuribus.

212 1357 357 1415 Parietibus
368 1355 470 1412 celsum
483 1353 653 1420 sublimibus,
668 1361 748 1424 atquc
760 1354 875 1425 superba
1053 1351 1202 1407 llaternunr
1219 1352 1339 1422 pandens
1355 1353 1498 1424 gremium,
1513 1368 1568 1423 quo
1583 1355 1682 1412 condat
1698 1355 1757 1412 alu·

244 1449 381 1521 liaiestatc
394 1461 500 1519 potens,
514 1445 724 1517 muneribusque
736 1446 861 1516 opulens.
1622 1443 1721 1524 [moon

758 1554 904 1612 GLOSSAE
924 1551 1096 1611 rutubus

69 1707 70 1758 ἢ
169 1656 221 1739 lili.
232 1651 397 1734 Pignoribus,
405 1649 453 1703 boc
460 1649 564 1703 interest
569 1663 581 1729 ·'.
586 1647 694 1770 pignero
702 1660 796 1715 rmum,
805 1648 914 1718 pignera
1003 1641 1068 1768 ἐξ.
1084 1640 1205 1767 ffii'litme
1217 1641 1304 1767 ιιρῑιὲι,
1317 1642 1411 1766 altiore
1422 1645 1584 1718 celsitudine,
1597 1650 1618 1704 Ι.

69 1771 70 1852 l
148 1721 510 1872 oaeffimdmrffeeftrlelpttqlgffllm’
523 1728 603 1790 mm,
627 1754 635 1769 ι
926 1760 952 1821 Β
999 1783 1065 1906 ”il
1081 1727 1429 1906 AEglieffruistfl-mfludas,
1452 1797 1583 1857 culmum,
1603 1788 1758 1862 frequentias

169 1866 223 1991 111.
235 1863 366 2003 affigi:
376 1857 515 2011 1111111119
527 1926 683 1996 auutmtuuu,
698 1924 718 1980 l.
966 1868 1228 1988 pwbm'o'nlertis,
1240 1925 1333 2008 penis,
1347 1925 1368 1981 1.

69 2051 70 2068 .
169 2005 223 2063 ltu.
237 2002 354 2069 dulcatis,
369 2015 433 2054 auro
444 2007 530 2070 ptclts,
544 1996 563 2052 l.
1002 1992 1068 2050 229.
1082 1993 1223 2064 Alsmnes,
1236 1995 1316 2064 fiilos,
1330 1997 1350 2051 Ι.

168 2077 223 2132 til.
237 2073 373 2142 breuiore,
387 2069 524 2135 strictiore,
537 2065 558 2122 l.

788 2174 1069 2234 COMMENTARIUS.

69 2317 70 2320 κ
144 2267 918 2359 multicolocorumordincscribercjauicotauusprojanr·
969 2271 1086 2329 tribunal
1102 2274 1160 2329 slve
1172 2273 1327 2330 catbcdram
1342 2288 1391 2344 pro
1402 2275 1531 2359 gradibus
1544 2292 1598 2336 arsa
1612 2279 1681 2337 iutra
1694 2296 1761 2339 auu.

69 2327 71 2466 y
144 2347 315 2419 qurNolauus.
331 2347 448 2403 Gautciuo
461 2345 712 2416 arrudebatparnque
725 2344 842 2399 bolaruus.
969 2343 1052 2399 cellos
1064 2352 1230 2410 ementem,
1255 2346 1290 2401 ab
1306 2345 1462 2403 ambonem
1477 2363 1555 2417 quem
1571 2352 1761 2410 conscendisse

167 2419 226 2474 ιιι.
239 2417 371 2474 Praeclare
381 2416 481 2472 dictum
494 2416 527 2471 ad
542 2416 701 2473 immensam
715 2415 915 2472 multitudinem
968 2411 1207 2485 Cbrysostomum,
1231 2423 1289 2470 uta
1309 2416 1432 2485 pluribus
1445 2417 1594 2484 audiretur,
1618 2422 1744 2480 Socrates

69 2471 71 2496 s
144 2487 263 2544 bouuinum
276 2486 508 2568 significandam..
529 2555 536 2569 ·
968 2482 1080 2554 allique.
1105 2490 1135 2538 ιιι
1158 2484 1293 2553 peculiare
1307 2496 1428 2541 narrant.
1453 2487 1632 2555 sozomenus,
1648 2492 1693 2547 lib.
1709 2465 1761 2560 vu:

69 2575 70 2582 ¹
167 2557 228 2613 stt.
242 2556 321 2628 Prug.
334 2571 442 2627 semper
456 2556 551 2613 scrubut
564 2555 637 2611 icat.
968 2567 1029 2620 cap.
1044 2553 1089 2621 19,
1114 2553 1197 2609 relert
1217 2562 1297 2610 etate
1319 2570 1367 2610 sua
1390 2555 1492 2611 nullum
1516 2552 1609 2614 Rornae
1627 2562 1709 2617 rerba
1734 2565 1763 2618 iu

167 2629 229 2686 ule.
245 2628 318 2683 llulti
334 2642 382 2694 pro
397 2636 472 2683 certo
486 2635 590 2697 ponunt
611 2625 662 2681 boc
681 2624 812 2694 templum
826 2623 915 2681 eidem
967 2624 1082 2680 ccclesia
1101 2622 1199 2679 iecisse
1216 2623 1249 2679 ad
1271 2625 1417 2693 populum:
1440 2624 1474 2680 lu
1494 2628 1582 2681 ecdem
1600 2630 1662 2684 urba
1679 2647 1762 2702 neque

141 2699 162 2754 S.
176 2698 315 2821 llippolpto
328 2693 410 2752 luisse
425 2707 621 2754 consecratum.
636 2694 688 2752 Sed
699 2694 849 2767 Ruggerius
861 2696 913 2751 loc.
968 2694 1114 2765 episcopus,
1133 2709 1213 2776 neque
1230 2694 1298 2749 udus
1313 2697 1445 2765 quisqtrbnr
1467 2697 1495 2750 itt
1513 2698 1620 2753 resimis
1637 2702 1762 2772 populum

140 2771 180 2825 eit.
193 2784 263 2824 num.
291 2768 453 2824 Sesittimat
467 2782 527 2823 tum
541 2766 602 2822 aliis
612 2766 787 2822 Prudentium
803 2765 843 2821 bis
855 2781 916 2821 uer·
969 2765 1052 2819 docet.
1074 2763 1198 2820 luteum
1211 2764 1363 2820 &somene
1375 2767 1522 2822 assentitur
1535 2770 1563 2823 in
1582 2772 1669 2835 notis,
1691 2787 1763 2841 prae·

140 2839 353 2894 sibusbasilirsm
375 2839 403 2893 S.
419 2836 555 2893 morentii
575 2837 601 2892 in
621 2851 685 2908 agro
697 2836 802 2892 Perano
815 2836 917 2892 descri-
969 2834 1064 2889 sertim
1086 2835 1148 2905 quia
1170 2833 1358 2891 Cassiodorius
1378 2836 1461 2892 rerba
1484 2836 1626 2894 Sozonmi
1651 2844 1762 2910 repetit.

141 2911 233 2978 puisse.
251 2923 310 2980 quac
322 2923 387 2964 rere
395 2908 474 2978 iacta
489 2907 517 2965 S.
534 2906 669 2980 llippolpti
690 2907 873 2963 caemeterium
888 2916 917 2963 et
971 2903 1026 2961 Sed
1041 2919 1103 2960 cum
1118 2903 1307 2961 Cassiodorius
1326 2921 1360 2962 eo
1380 2915 1502 2976 tempore
1516 2909 1600 2964 rerba
1619 2909 1763 2970 &comesti

139 2979 492 3049 udtculamappusitaerat.
517 2986 545 3034 et
568 2978 594 3033 in
615 2991 694 3046 quant
713 2976 851 3034 Prudentii
866 2978 916 3033 de·
970 2975 1171 3044 transcripserit
1194 2990 1248 3044 quo
1272 2991 1286 3029 a
1307 2976 1343 3032 ud
1368 2991 1464 3032 omnes
1487 2987 1592 3034 constat
1627 2979 1764 3039 Romanos

69 3067 70 3078 ¹
138 3051 240 3122 scriptio
252 3051 353 3120 optime
368 3048 449 3105 eadit.
474 3048 630 3104 Anastasius
646 3045 868 3104 bibliothecarius
882 3047 916 3105 de
970 3046 1110 3127 pontifices
1124 3046 1249 3102 homilias
1263 2992 1306 3101 auf
1312 3045 1439 3116 populum
1458 3046 1558 3105 babere
1575 3052 1761 3118 consuevisse.

69 3133 70 3142 ¹
139 3120 265 3175 Hadriano
283 3120 293 3175 l
314 3119 370 3174 ait:
393 3118 479 3175 Simul
499 3128 522 3173 at
541 3119 711 3173 coemeterium
732 3116 764 3174 P.
778 3108 953 3189 tutumque
969 3113 1134 3172 Gassrodorii
1150 3117 1304 3173 testimonio
1316 3132 1409 3186 parurn
1424 3126 1470 3173 aut
1482 3120 1546 3175 nibil
1559 3118 1765 3190 joraturSoao·

138 3191 248 3262 martyris
261 3205 344 3245 surra
358 3190 388 3245 S.
400 3188 576 3252 Laurentium,
591 3187 659 3255 quad
674 3204 690 3240 a
703 3189 794 3258 priscis
804 3204 921 3243 marcuc-
972 3200 1077 3242 menos.
1101 3185 1233 3258 Quidquid
1248 3198 1338 3244 autem
1361 3188 1398 3243 sit
1418 3189 1453 3245 de
1466 3197 1586 3260 ternpore
1603 3189 1764 3258 Sozomeni,

137 3270 176 3314 rut
197 3262 364 3343 temporibus,
390 3262 526 3314 renouauit.
558 3256 622 3313 lide
642 3257 791 3341 dringbum
817 3257 864 3315 lib.
880 3274 918 3328 tv,
973 3256 1120 3340 Prudentio
1134 3259 1194 3342 testi
1208 3258 1314 3341 oculato
1329 3257 1440 3315 omuino
1457 3259 1523 3315 ludes
1541 3270 1584 3344 ‘f‘
1601 3263 1764 3329 praestanda.

138 3327 833 3470 agiujebuuu'stassiulesuuuffleongbslgauzguuliaaqsuzeoem
846 3398 921 3453 inau—
972 3325 1765 3470 ιΰίζῗάιῖΐῗοιῖιῖιτῆιιοιιιῖιιιὸεᾜιξιῖῗιὲἓέῗιιιΙ1111ι81ξιιι1118ι1111η

137 3471 225 3525 tabunt
247 3470 338 3526 trabes
361 3470 543 3531 adillctoruru.
570 3468 609 3525 De
634 3469 742 3538 templis
761 3468 921 3525 Christianis
972 3468 1102 3523 eatbedra
1121 3468 1365 3537 ipsaepiacopalis.
1390 3470 1626 3542 mucionabantur
1640 3473 1766 3530 siuniliter

137 3540 224 3595 coniur
236 3540 366 3609 bynuunm
381 3555 439 3608 seq.
453 3550 481 3594 ct
494 3540 585 3611 luymn.
598 3538 629 3595 S.
641 3536 792 3594 Fructuosi.
973 3537 1058 3593 Graeci
1084 3538 1153 3592 iutra
1177 3538 1312 3594 cancellos
1336 3539 1435 3610 quibos
1457 3543 1605 3597 sacrarium
1630 3557 1646 3598 a
1668 3558 1762 3614 capso,

167 3610 228 3666 Pul.
246 3614 309 3665 llaec
323 3609 408 3664 iormn
423 3610 598 3666 aedificiorum
612 3608 641 3665 in
656 3608 777 3666 ecclesiis
791 3617 921 3682 peruetu·
972 3607 1045 3676 quod
1061 3606 1099 3661 illl
1113 3607 1361 3689 uaduappellabant,
1375 3608 1560 3666 dirimebatur.
1576 3613 1663 3668 Ambo
1675 3625 1765 3671 autem

135 3681 183 3735 rtis
195 3682 281 3736 adbuc
294 3680 425 3735 cernitur.
973 3691 1027 3732 non
1044 3677 1070 3731 iu
1084 3690 1212 3741 sacrarto,
1227 3677 1275 3733 sed
1296 3679 1322 3732 in
1343 3679 1403 3733 naui
1419 3678 1543 3734 ecclesiae
1561 3693 1619 3736 erat
1632 3687 1762 3740 coustitu-

167 3751 228 3805 222.
243 3750 353 3807 i'eolius
372 3749 442 3816 apud
459 3749 516 3804 inl.
534 3763 628 3814 unum,
648 3748 803 3804 etalterum
818 3749 923 3805 inuenit
975 3755 1037 3811 lus,
1062 3747 1090 3801 iu
1112 3760 1192 3816 quem
1215 3748 1333 3817 episcopi
1358 3750 1519 3814 aliqnando,
1549 3761 1579 3806 ιιι
1602 3751 1707 3809 facilius
1731 3759 1766 3809 eb

134 3831 264 3875 rstruaeut
276 3835 325 3891 pro
339 3821 482 3875 eminuerat.
499 3819 577 3874 Putat
587 3819 696 3874 Teolius
708 3828 845 3875 extenuent
860 3834 922 3875 esse
974 3816 1100 3873 omuibus
1112 3817 1281 3885 audirentur,
1296 3817 1486 3874 ascendebant.
1512 3819 1542 3873 ln
1561 3823 1702 3878 sacratiori
1720 3824 1767 3880 bc·

134 3891 264 3958 glossema
280 3890 355 3946 uerbi
370 3891 511 3945 exsinuent.
527 3888 579 3945 Sed
593 3888 729 3945 Giaelinus
743 3889 823 3946 aliter
837 3891 923 3958 capii·
974 3887 1072 3953 matis,
1096 3887 1154 3944 sire
1166 3888 1328 3951 sanctuarii.
1354 3899 1401 3943 aut
1415 3890 1575 3959 presbyterii
1600 3901 1676 3960 parte
1696 3893 1766 3952 intra

134 3972 176 4014 rat
190 3962 352 4017 desineant:
367 3960 478 4017 Sinuum
490 3976 534 4015 reu
547 3959 702 4014 laciniosum
720 3962 747 4014 iu
766 3976 860 4014 murem
877 3974 923 4014 ss·
974 3958 1109 4014 cancellos
1119 3958 1273 4027 erigebatur
1285 3959 1423 4025 mubedua,
1437 3959 1494 4014 sire
1506 3960 1628 4028 tbrotius,
1643 3976 1674 4016 ac
1687 3965 1767 4020 sedes

134 4031 237 4097 plicam,
252 4033 381 4100 latiumque
398 4029 546 4087 ameuadant.
571 4029 653 4084 Addit
675 4029 812 4087 (licelinus
831 4040 923 4086 nostra
975 4030 1095 4098 episcopi
1105 4068 1113 4091 ,
1132 4028 1211 4098 iuxta
1225 4044 1304 4098 quem
1319 4030 1467 4102 presbyteri
1483 4032 1608 4100 utrinque
1621 4031 1766 4088 demissio·

135 4103 231 4171 templa
243 4102 325 4157 bodie
334 4116 387 4156 non
399 4101 477 4156 aliter
487 4099 656 4156 eradillcari.
673 4098 701 4154 ln
716 4100 821 4156 duobus
833 4112 923 4157 autem
975 4099 1053 4155 ribus
1063 4099 1201 4155 subselliis
1214 4100 1354 4156 sedebant.
1372 4100 1429 4156 Etsi
1442 4111 1532 4155 alutem
1546 4110 1630 4156 totum
1642 4113 1768 4160 sanctua-

133 4184 197 4225 nuss.
212 4172 315 4227 inuenit
333 4185 414 4241 acque
438 4185 536 4225 norum
555 4171 714 4226 uocabulum
734 4173 872 4237 eximiam,
896 4179 924 4227 et
976 4171 1056 4235 rium,
1069 4171 1130 4235 quia
1145 4168 1272 4238 gradibus
1288 4171 1315 4225 in
1331 4169 1397 4225 illud
1413 4170 1617 4235 ascendebatur,
1631 4171 1710 4227 berna
1721 4183 1768 4230 aut

132 4238 224 4297 lectori
237 4244 376 4312 optionem
391 4241 503 4312 prabet.
524 4240 662 4296 Fabricius
678 4241 741 4314 legit
755 4243 878 4308 csiuicut,
895 4251 925 4298 et
976 4240 1093 4295 tribunal
1114 4239 1166 4295 dei
1186 4248 1293 4310 posset,
1314 4250 1342 4295 et
1361 4240 1493 4296 interdum
1509 4240 1653 4309 diceretur,
1677 4251 1768 4300 tanum

133 4307 159 4364 iu
173 4324 319 4369 comment.
334 4311 372 4366 ait
386 4311 484 4366 cairuirs
495 4325 556 4367 csse
572 4312 597 4365 in
608 4311 722 4381 spatium
736 4311 846 4368 breuius
859 4325 925 4367 con·
975 4310 1103 4382 gradibus
1115 4310 1229 4366 sublime
1245 4309 1361 4366 tribunal
1376 4311 1410 4366 de
1424 4320 1478 4378 quo
1494 4312 1664 4379 Prudentius,
1673 4313 1767 4370 sedem

133 4381 247 4451 tralucere,
258 4391 289 4437 ut
298 4383 326 4438 in
337 4381 478 4438 ordinibus
488 4381 518 4436 lll
529 4381 724 4447 columnarum,
735 4397 796 4438 curn
808 4383 923 4453 primum
976 4381 1156 4447 episcopalem
1173 4381 1286 4436 denotet
1307 4396 1340 4437 cs
1365 4380 1492 4450 peculiari
1511 4396 1640 4452 expresso
1655 4400 1768 4441 munere

133 4447 192 4503 tata
216 4456 358 4523 porticus.
383 4451 482 4508 deinde
503 4452 698 4507 contractiores
721 4451 797 4507 liunt.
824 4452 923 4507 Verum
938 4449 1139 4547 „praedicandi
1162 4450 1257 4505 ileum.
1292 4451 1327 4506 ltu
1350 4452 1530 4507 sanctuarium
1554 4452 1664 4522 quidem
1687 4452 1767 4525 buius

133 4520 214 4588 proba
230 4523 310 4579 lectio
324 4523 592 4592 teterrimumque
603 4521 925 4578 uerbouuiturdusonius
976 4520 1101 4577 ccclesia
1121 4535 1174 4576 non
1195 4521 1221 4575 in
1242 4520 1293 4577 boc
1312 4522 1412 4591 templo
1429 4520 1580 4591 magnifico,
1596 4524 1684 4579 sedin
1699 4525 1768 4581 adi·

132 4591 205 4659 idgll.
218 4593 262 4659 tl,
271 4592 395 4657 seruus.
407 4590 583 4663 collectosque
592 4591 639 4646 illa
648 4592 797 4647 Manabat
806 4593 925 4659 amictus,·
977 4590 1036 4647 cula
1051 4605 1133 4660 supra
1148 4591 1282 4660 descripta
1297 4591 1457 4647 collocatum
1471 4591 1587 4662 uidetur,
1602 4594 1648 4649 ubi
1662 4594 1768 4653 scilicet

132 4661 692 4732 etlaultuuscpmmaduersarum.
705 4662 750 4727 19,
764 4660 828 4718 Cum
844 4665 926 4717 uelum
977 4670 1036 4717 erat
1057 4677 1145 4718 meurs
1167 4662 1319 4717 sacramenti
1341 4660 1472 4716 donatrix.
1496 4660 1549 4716 Sed
1572 4665 1766 4721 advertendum

132 4733 227 4788 sidaec
242 4739 302 4809 jam
321 4733 506 4800 exsinuatum,
531 4732 557 4787 id
582 4741 623 4786 est
647 4745 814 4801 expansum,
835 4735 927 4790 since
977 4731 1046 4787 illud
1064 4741 1121 4798 est,
1146 4745 1180 4787 cx
1201 4732 1280 4786 unius
1294 4732 1336 4787 rel
1355 4730 1467 4786 alterius
1485 4733 1609 4789 ecclesie
1623 4749 1699 4792 more
1713 4752 1767 4792 non

132 4801 191 4856 sinu
211 4806 291 4876 quasi
314 4804 442 4860 emissum
463 4813 490 4858 et
507 4801 679 4873 explicatum.
707 4801 763 4857 iioe
781 4803 838 4858 uuit
857 4802 925 4859 Pru·
976 4803 1067 4857 statim
1082 4816 1141 4857 esne
1154 4802 1318 4870 arguendum
1331 4816 1390 4856 eum
1403 4803 1625 4860 consuetudinem
1638 4805 1666 4860 in
1679 4807 1769 4861 omni·

132 4870 253 4929 densius.
977 4871 1162 4928 busecclesiis
1175 4872 1310 4941 uiguisse;
1333 4886 1384 4941 qua
1408 4872 1435 4925 iu
1460 4886 1490 4927 re
1511 4886 1585 4940 repe
1598 4874 1769 4944 decipiuntur

165 4943 233 5000 225.
250 4945 327 5000 lianc
337 4942 473 5003 cathedrae
481 4942 688 5012 descriptionem
700 4941 926 5012 elegantissimam
978 4953 1025 4998 aut
1045 4941 1185 5013 decipiunt
1198 4942 1243 5012 qui
1263 4943 1438 5011 antiquitates
1460 4945 1657 5000 ecclesiasticas
1677 4945 1768 5012 capla-

131 5024 192 5068 esee
205 5015 339 5070 Barlbine
352 5017 519 5086 pronuntiat.
545 5013 633 5079 idem,
657 5012 703 5066 tib.
720 5027 804 5078 xssu,
822 5026 883 5082 cap.
898 5014 925 5080 P,
978 5021 1063 5069 nant:
1086 5028 1147 5068 nam
1171 5013 1235 5068 olim
1251 5024 1406 5083 usurpatum
1432 5014 1458 5067 in
1483 5014 1596 5070 ccclesia
1610 5015 1768 5083 simpliciter

130 5093 163 5135 ex
178 5083 224 5138 bis
236 5085 362 5140 uersibus
376 5084 493 5153 colligit,
515 5084 541 5139 in
557 5080 709 5138 meditullio
727 5095 864 5139 sacrarum
879 5085 928 5140 do·
978 5084 1126 5147 aidrmant,
1136 5083 1207 5150 quod
1222 5082 1337 5139 luctasse
1352 5085 1377 5137 iu
1394 5098 1445 5138 una
1461 5091 1563 5139 lantum
1578 5095 1624 5137 aut
1639 5085 1664 5137 iu
1676 5087 1768 5154 paucis

128 5165 224 5209 morum
249 5154 335 5210 iuuisse
358 5154 500 5209 catluedras
523 5153 594 5207 unde
619 5152 745 5223 mysteria
770 5154 926 5210 sacerdotes
978 5152 1099 5210 ecclesiis
1113 5153 1278 5219 obtinuerit,
1301 5169 1396 5224 neque
1411 5162 1502 5209 lernen
1520 5163 1626 5209 constat
1644 5169 1678 5209 un
1693 5158 1767 5212 omni

128 5223 503 5289 prolitebantur.[lominicus
518 5223 645 5289 Aulisius,
660 5222 819 5277 librariolis
833 5224 928 5280 Scuole
978 5233 1031 5279 tom
1071 5240 1099 5278 re
1113 5224 1264 5292 hujusmodi
1279 5224 1445 5281 consuetudo
1458 5225 1581 5292 riguerit.

127 5308 214 5362 sacre,
230 5310 294 5366 cap.
306 5297 333 5359 b.
348 5294 486 5351 diversum
498 5308 599 5349 morem
611 5294 644 5348 ab
655 5291 706 5347 boc
718 5308 797 5362 quem
810 5294 929 5350 Prudeu·
1013 5238 1078 5348 111.
1094 5293 1156 5350 ilat.
1172 5294 1205 5361 B,
1220 5297 1364 5361 consertir,·
1379 5295 1437 5363 luge
1450 5294 1579 5362 consumis.
1593 5290 1633 5347 lix
1644 5291 1770 5352 Lucretio

127 5361 181 5417 tius
205 5365 358 5430 caecabit,
382 5364 466 5420 luisse
491 5364 517 5419 in
537 5362 620 5419 Gallio
645 5364 732 5433 arguit
752 5377 785 5419 es
807 5365 929 5420 uersibus
978 5363 1027 5420 tib.
1047 5379 1087 5427 ut,
1106 5363 1199 5420 Omnia
1217 5365 1377 5435 complebunt
1395 5366 1450 5418 loca
1468 5373 1596 5433 tectoque,
1616 5379 1667 5433 quo
1687 5369 1770 5438 nuaqis

126 5430 238 5490 Sidonii
265 5435 299 5489 ad
324 5433 453 5490 Faustum
477 5435 648 5503 episcopum:
664 5432 717 5489 Seu
740 5444 764 5487 te
784 5433 929 5501 conspicuis
978 5443 1055 5490 estus
1067 5433 1202 5505 consertos
1216 5438 1253 5489 ita
1265 5436 1399 5490 aceruatim
1414 5448 1482 5487 mors
1496 5432 1683 5487 accumulabat.
1704 5436 1769 5492 liar·

122 5504 257 5568 madibus
278 5504 428 5561 venarabilis
448 5521 501 5560 ure
518 5502 735 5559 concionaturum
753 5504 823 5573 p'ebr
839 5506 930 5559 sedula
979 5504 1062 5570 auius,
1080 5504 1127 5561 lib.
1138 5522 1157 5570 1,
1168 5504 1266 5576 capi,
1287 5515 1360 5559 recte
1369 5502 1494 5556 observat
1508 5503 1534 5556 io
1546 5501 1621 5556 libris
1631 5504 1769 5575 legi-asts,

121 5574 314 5630 circunasistir.
336 5574 495 5631 sirmondus
514 5573 547 5628 od
567 5574 704 5629 Sidonium
725 5586 786 5644 pag.
803 5573 852 5628 ibt
867 5574 929 5629 nul·
978 5588 1013 5631 es
1027 5589 1082 5644 quo
1094 5574 1240 5630 Lambinus
1251 5590 1293 5629 eas
1307 5581 1361 5626 tum
1373 5572 1436 5627 lecit
1451 5571 1541 5627 inuitis
1554 5572 1648 5629 musis.
1663 5576 1717 5633 Atii
1729 5577 1769 5636 le·

122 5640 182 5697 lum
199 5645 352 5701 discrimen
366 5646 506 5714 agnoscit:
527 5641 594 5700 inde
610 5644 686 5711 euius,
704 5644 751 5708 ait,
770 5646 885 5698 sedentes
902 5646 929 5699 iu
978 5653 1044 5716 gunt
1059 5644 1086 5699 in
1099 5644 1195 5700 eodem
1210 5644 1336 5699 Lucretio
1349 5642 1476 5713 consector
1489 5644 1689 5715 proceritates.

119 5712 258 5789 cathedra
270 5717 392 5777 tribunali
403 5715 549 5769 concionari
557 5714 672 5768 sabbam
681 5729 690 5777 ,·
699 5713 859 5783 adducitque
870 5714 928 5768 lraec
1013 5714 1078 5770 229.
1094 5714 1262 5780 Parrhasius,
1274 5710 1369 5766 condit.

120 5794 186 5858 upra
204 5783 353 5848 Prudentii
366 5788 460 5841 uerba.
482 5784 626 5857 buringuit
645 5782 748 5841 scudcct
766 5783 927 5843 sirmundus

258 5874 488 5940 Parmenidi.
560 5873 564 5880 '
1555 5874 1594 5940 te
