4150 6192
189 268 244 328 ibi
795 257 962 318 sarsinas
982 256 1221 317 orbiculantes.
1767 252 1822 312 bus

189 382 352 450 Brsciarii
364 380 530 521 ιάἰῐὶοἷιεω
543 378 756 460 inspiciamus,
769 377 881 459 auibus
902 379 940 440 de
959 379 1057 442 ueteri
1081 377 1190 441 diuino
1210 376 1314 459 olisia
1329 373 1475 439 Ecclesia
1488 373 1640 453 Hispana
1654 379 1716 434 tom
1730 369 1822 437 doete
1860 435 1866 444 ,

187 463 318 527 disseris
344 468 380 523 nt
394 463 430 523 ni
452 462 461 521 i
487 477 524 521 su
547 475 595 519 ra.

230 542 271 604 V.
287 506 428 604 Dicerem
441 538 500 599 lsoe
512 477 635 618 peridem
661 536 731 599 laea
755 535 793 598 de
814 535 997 599 academicis
1023 536 1215 599 consessibus
1230 555 1250 596 o
1274 544 1315 610 te,
1336 533 1483 614 princeps
1508 529 1755 600 eminentissime,
1778 529 1822 594 od

187 619 412 685 illustrandam
436 618 601 695 liturpiass
622 615 805 677 constitutis
826 623 881 675 aut
905 615 1070 695 promotis,
1094 616 1157 679 nisi
1168 625 1386 694 properantem
1399 631 1445 673 ms
1459 612 1501 673 ad
1520 629 1583 671 sese
1596 617 1826 684 uocaretsum1

186 709 304 781 ptnosa
320 705 350 759 et
363 694 667 776 mapnipaentissima
691 693 786 755 editio
812 694 944 755 Patruus
954 693 1009 773 aui
1020 694 1117 755 sedem
1134 702 1219 754 tuam
1233 691 1446 771 pontificalem
1466 689 1606 768 antiquis
1632 687 1821 768 senapariam

187 779 405 842 obtinuerunt.
420 776 560 850 Quorum
571 773 699 852 scriptis
713 772 902 850 sinpularem
914 771 1119 851 splendorem,
1131 780 1160 832 et
1173 771 1276 832 lumen
1291 789 1356 832 nass
1369 771 1469 832 salum
1478 768 1617 848 doctiset
1632 769 1821 846 opportunis

185 854 428 939 prolationibus
440 851 592 923 attulisti,
606 869 711 913 oerum
724 852 815 912 etiam
832 848 979 929 subiectis
987 848 1245 911 adnotationibus
1268 867 1308 910 en
1324 849 1436 912 intimo
1459 846 1628 926 tbealapia,
1652 865 1692 907 ex
1710 846 1820 906 inulti-

185 937 268 1016 ptiar·
280 933 507 1014 antiquitatum
520 930 797 993 ecelesiasticorum
809 930 938 1003 notitia,
951 937 1043 1008 atque
1057 930 1214 1008 exquisito
1225 929 1342 989 artium
1359 927 1593 989 reconditorum
1608 925 1823 1003 inteilipentiu

186 1015 352 1097 massalis.
367 1012 436 1087 Qua
449 1009 484 1071 in
499 1025 606 1088 penore
618 1009 794 1071 studiorum
809 1008 933 1072 silentio
955 1006 1294 1086 pratereundnmmim·
1311 1023 1375 1066 nan
1390 1014 1433 1067 est
1491 1005 1532 1066 ad
1548 1020 1643 1082 aperu
1656 1013 1820 1065 conterra-

186 1096 241 1157 nsi
253 1094 303 1157 tui
315 1090 418 1154 sancti
431 1088 569 1152 Martini
582 1088 792 1166 bobianensis,
805 1086 870 1149 airi
884 1086 1087 1158 tbeadidocti,
1110 1103 1245 1180 quornm
1266 1084 1433 1146 editionem
1460 1085 1581 1146 itterati
1604 1080 1741 1143 bomines
1751 1081 1820 1161 jam

186 1173 246 1236 din
254 1170 450 1252 expetebant,
462 1166 611 1229 nonnulli
628 1167 780 1228 ineassum
796 1172 1003 1237 tentaverant,
1020 1173 1056 1225 tn
1071 1182 1191 1243 promus
1208 1162 1250 1225 od
1263 1163 1420 1242 exemplar
1430 1182 1469 1226 esc
1483 1160 1691 1242 obiropraplso
1707 1171 1821 1223 aueto-

185 1252 235 1314 ris
249 1250 441 1327 descriptum
455 1254 594 1326 quatuor
609 1245 731 1324 mapnis
744 1243 956 1305 ualeeminibus
970 1243 1005 1305 in
1017 1242 1174 1323 publicam
1191 1244 1288 1305 lucem
1303 1245 1450 1306 emiseris.

229 1331 285 1395 Vl.
299 1328 406 1406 Neque
418 1342 491 1386 aera
507 1324 741 1403 praetermittere
753 1323 825 1384 lieet
842 1322 1062 1403 antiquissima
1077 1323 1156 1385 nani
1167 1322 1252 1384 orbis
1266 1322 1423 1393 Concilio,
1455 1341 1513 1395 uoe,
1529 1321 1603 1384 dum
1613 1317 1817 1397 aralsiepisea·

184 1415 284 1489 patus
295 1404 458 1469 Musicani
469 1402 580 1483 insulis
595 1409 728 1462 ornatus
741 1419 833 1475 esses,
854 1402 991 1463 munima
1004 1401 1169 1480 dilipentia
1181 1418 1357 1492 summaque
1377 1339 1483 1462 studia
1510 1400 1652 1472 collecta,
1667 1398 1819 1476 eanslopis

186 1487 368 1549 antistitum
393 1481 591 1560 sinpulorum
617 1479 814 1541 ecclesiarum
838 1481 1012 1560 prouinciae
1036 1480 1231 1551 Merioauoe,
1253 1481 1384 1560 altisque
1411 1479 1588 1558 insipnibus
1613 1478 1818 1538 momumeuts's
1911 1535 1915 1548 ,

166 1596 170 1602 ·
186 1565 361 1637 illustrata,
377 1562 459 1641 tppis
472 1559 629 1622 mandasti
640 1581 651 1623 .·
664 1576 760 1638 neque
776 1557 848 1619 illos
864 1559 1002 1642 eprspias
1025 1557 1104 1619 dnos
1119 1559 1270 1621 doctrina
1283 1558 1470 1621 Cleristionss
1493 1557 1610 1637 populo
1626 1556 1820 1634 explicandos

186 1644 298 1714 libros,
313 1658 390 1723 quos
413 1638 613 1701 eatedsismos
626 1637 770 1712 dicimus,
779 1638 873 1716 jussu
887 1645 916 1699 st
931 1637 1123 1700 arietaritate
1147 1637 1277 1699 aoncilii
1300 1655 1330 1698 rr
1357 1637 1535 1706 blesiensi,
1561 1637 1619 1698 assi»
1636 1637 1727 1698 etiam
1754 1637 1820 1712 ipss

183 1720 357 1803 praefuisti,
372 1726 427 1780 tua
446 1717 644 1800 potissimum
665 1734 760 1796 opera
778 1716 923 1795 juvante.
946 1717 1069 1779 Medici
1083 1715 1274 1792 diaulpatos.
1289 1715 1457 1780 Nobiliara
1473 1715 1585 1796 ubique
1599 1723 1685 1788 snnt,
1701 1714 1820 1775 multo-

186 1818 247 1882 que
261 1797 419 1878 pronioris
435 1797 582 1878 ponderis
599 1804 718 1858 uetusto
735 1796 883 1857 Ecclesia
899 1795 1052 1874 Hispana
1076 1796 1222 1867 eoncilia,
1246 1812 1314 1875 aua
1337 1795 1428 1857 moda
1452 1797 1491 1860 in
1507 1811 1655 1856 sunmsam
1680 1793 1819 1867 redacto,

184 1879 278 1941 mado
293 1874 422 1957 perinde
439 1875 592 1955 disposito
607 1884 635 1937 st
649 1874 833 1947 distributo,
851 1882 888 1936 ut
901 1891 1016 1950 carpus
1026 1874 1114 1954 juris
1129 1875 1274 1938 canonici
1287 1874 1440 1952 dipestum
1454 1883 1518 1949 est,
1532 1873 1722 1936 te'niruirum
1735 1889 1820 1952 proe-

184 1958 274 2020 claro
289 1956 426 2036 auspice,
440 1957 474 2017 iu
487 1973 678 2016 communem
692 1953 862 2017 utilitatem
873 1953 1076 2032 prodierunt·
1090 1954 1162 2015 Huc
1178 1953 1271 2014 etiam
1283 1953 1397 2032 reterri
1408 1962 1510 2032 potest
1526 1952 1610 2033 qnod
1628 1961 1675 2013 tot
1698 1960 1820 2030 tamque

183 2035 357 2116 papilione
374 2033 464 2097 libris
479 2034 516 2095 in
530 2033 642 2113 culpus
657 2032 942 2111 eontrarelipionis
965 2030 1015 2094 ael
1035 2031 1162 2108 decora,
1185 2031 1232 2094 ael
1248 2033 1451 2113 [condomenta
1469 2031 1679 2094 disseminatis
1696 2048 1819 2091 saaraim

185 2113 410 2207 Tridentinnm
434 2114 603 2176 concilium
625 2110 797 2192 Hispaniae
821 2128 1027 2192 conuersum,
1054 2120 1169 2192 tuaque
1189 2112 1371 2191 patrocinia
1394 2110 1573 2180 decarmum
1585 2115 1821 2191 peropportune

184 2209 382 2334 opppfuffis'
396 2286 468 2333 aera
484 2269 663 2411 munYmm
676 2277 761 2363 tuam
781 2269 941 2333 dexteram
959 2271 1123 2352 porricere
1142 2288 1303 2352 nunquam
1323 2270 1486 2345 destitisti,
1514 2270 1571 2352 qui
1600 2275 1669 2332 tuta
1699 2267 1749 2331 riu
1779 2266 1820 2332 ad

184 2352 334 2431 proniora
347 2349 409 2411 baa
421 2350 556 2412 studioa
581 2349 778 2411 alescentsum
791 2351 916 2430 inpendo
936 2349 1157 2413 amanioribus
1177 2350 1341 2429 politioris
1363 2351 1551 2415 litteratura
1574 2349 1750 2430 praecptis,
1764 2357 1819 2408 ont

184 2428 411 2510 pbilosopbicis
426 2427 680 2492 institutionibus
697 2427 864 2490 deducunt.
883 2430 1069 2510 Quanquam
1081 2428 1139 2492 bac
1152 2430 1188 2492 in
1204 2438 1388 2509 arctamenta
1402 2430 1593 2512 praecipuam
1614 2427 1735 2490 laudern
1755 2443 1820 2486 rse-

130 2560 133 2565 .
183 2517 300 2570 rentur
311 2507 368 2572 illo
381 2508 451 2587 ipso
464 2525 531 2588 qna
547 2515 583 2568 tu
595 2509 631 2571 in
647 2506 803 2569 uolumine
817 2507 1048 2587 Epistolarum,
1063 2509 1257 2588 aliarumque
1281 2526 1409 2588 operam
1435 2518 1563 2569 tuorum
1589 2507 1692 2569 Taleti
1708 2506 1819 2585 {armis

183 2603 333 2726 apruno
347 2585 587 2666 prudentissime
605 2585 781 2661 tradidisti,
798 2587 872 2649 dum
886 2587 1007 2649 scilicet
1028 2605 1141 2649 nonam
1166 2587 1331 2649 editionem
1347 2587 1527 2648 llbetoriees
1541 2602 1638 2646 soora
1653 2586 1818 2664 incompa-

183 2682 223 2725 ra
244 2662 374 2732 ilisoiri
387 2665 540 2729 Ludaoiai
560 2664 763 2728 Granotensis
788 2665 992 2736 commendas,
1016 2673 1071 2729 aut
1087 2665 1123 2728 de
1136 2675 1221 2728 recta
1233 2666 1412 2728 studiorum
1425 2665 1549 2728 ratione
1563 2662 1655 2727 aerbo
1668 2662 1763 2744 [acis.
1777 2660 1819 2728 aa

184 2745 342 2806 sna'arum
355 2744 464 2825 utique
475 2761 627 2817 normam,
642 2743 746 2825 quoad
760 2744 826 2825 ejus
839 2745 909 2825 fieri
921 2746 1034 2824 possit,
1049 2743 1322 2807 accommodanda.

256 2823 311 2886 ill.
327 2823 390 2884 His
402 2822 543 2887 omnibus
555 2822 686 2884 libenter
697 2823 851 2897 adderem,
862 2823 1009 2903 princeps
1024 2826 1152 2901 optime,
1175 2824 1366 2903 sinpularem
1392 2823 1621 2905 beneficentiam
1641 2837 1704 2900 qua
1724 2836 1816 2892 mma,

185 2902 328 2984 quamuis
342 2901 451 2981 eripui
463 2910 517 2964 aut
529 2901 651 2964 nullius
661 2903 770 2981 pretii,
787 2901 1021 2965 lucubrationes
1035 2902 1209 2983 larpissime
1222 2913 1405 2981 prosecutus
1418 2922 1460 2979 es,
1477 2904 1505 2963 si
1526 2901 1561 2964 id
1580 2919 1665 2963 nunc
1684 2916 1816 2979 opernm,

186 2991 222 3044 ut
234 2981 352 3062 panon
363 2981 449 3061 prati
464 2981 563 3044 animi
578 2984 755 3043 memoriam
767 2990 797 3042 st
814 2982 1076 3060 testificationem,
1092 2999 1160 3062 pua
1179 2998 1253 3042 sane
1275 3002 1295 3043 a
1307 2989 1433 3061 pectore
1446 2989 1501 3043 aut
1516 2997 1644 3044 ors-meo
1657 2992 1818 3061 nunquam

185 3059 301 3137 aberit,
315 3069 511 3137 adoratorem,
526 3076 563 3120 ac
575 3076 641 3120 nan
686 3062 770 3122 atius
784 3067 821 3121 ut
837 3060 961 3139 eprepia
976 3069 1031 3121 tuo
1045 3062 1079 3123 in
1091 3077 1197 3122 saeros
1219 3059 1357 3123 Litteras
1379 3061 1489 3123 merita
1503 3060 1609 3138 aliquo
1630 3066 1752 3120 tantum
1777 3075 1818 3118 ea

185 3147 276 3220 parte
299 3138 500 3201 ostenderem.
527 3138 635 3200 Verum
656 3078 714 3200 Kos
741 3138 834 3204 etiam
847 3146 890 3201 est
905 3139 1057 3205 bonitatis
1074 3148 1146 3212 tua,
1161 3138 1245 3220 quad
1268 3138 1303 3201 in
1319 3138 1436 3202 diuinis
1449 3138 1498 3201 leis
1512 3137 1654 3201 scientiis
1669 3135 1718 3198 acl
1733 3137 1819 3215 ipsos

185 3226 318 3281 conatus
329 3217 517 3297 proficiendi
530 3213 670 3296 praemiis
682 3216 864 3300 afficiendas
876 3212 937 3281 sss’s
951 3235 1086 3292 censeas,
1098 3236 1155 3280 uec
1168 3217 1260 3280 mado
1273 3218 1444 3299 scriptores
1455 3234 1489 3278 re
1499 3225 1529 3280 et
1540 3216 1721 3279 maturitate
1734 3233 1820 3276 com-

185 3295 359 3390 mendatos,
380 3295 433 3360 sed
451 3315 502 3361 eas
523 3295 615 3359 stiam
635 3297 690 3377 qni
711 3305 843 3377 sponset
864 3299 1127 3379 exspectationem
1147 3296 1285 3379 aliquam
1310 3316 1378 3379 pra
1406 3315 1438 3361 se
1460 3298 1580 3379 lerunt,
1604 3292 1819 3376 benipnissime

186 3393 256 3442 scer
281 3393 340 3436 sas.

226 3393 284 3517 uf.
303 3453 390 3519 illud
401 3471 473 3517 aero
487 3471 584 3535 neque
598 3463 698 3519 tacere
714 3452 820 3530 debeo,
834 3471 873 3516 ne
893 3474 931 3518 ue
944 3462 1022 3520 satu
1068 3472 1103 3518 ro
1121 3454 1280 3535 dianitats
1304 3456 1408 3537 eloqui
1421 3474 1560 3538 possum,
1579 3462 1609 3518 te
1625 3454 1660 3517 in
1673 3452 1829 3526 ecclesia--

186 3534 276 3598 stiois
290 3535 405 3598 studiis
416 3533 648 3613 promouendis.
665 3536 701 3598 in
712 3472 913 3614 publicandis
928 3543 956 3595 st
971 3551 1029 3615 per
1074 3552 1207 3613 urapam
1221 3533 1397 3597 liberaliter
1413 3536 1595 3617 sporpmdis
1613 3540 1660 3595 tot
1675 3532 1820 3594 ecelesia:

185 3615 274 3676 stica
287 3613 440 3676 doctrina
451 3616 671 3689 monumentis,
687 3621 725 3675 ut
741 3611 958 3686 bibliatbecom
969 3613 1262 3694 archiepiscopalem
1278 3612 1464 3676 Toletonam
1477 3615 1648 3705 iusipniter
1672 3631 1691 3672 a
1710 3623 1739 3673 te
1760 3630 1822 3670 au-

186 3699 280 3768 otsm,
298 3691 452 3772 aliasnpue
463 3691 621 3771 priuatam
636 3692 778 3754 selectam
791 3699 820 3754 st
836 3690 1021 3773 locupletem
1038 3693 1098 3755 tibi
1118 3698 1329 3771 comparatam
1344 3693 1500 3764 amittam,
1515 3702 1641 3772 sumptu
1656 3698 1684 3752 et
1699 3690 1822 3769 mapni-

187 3772 313 3852 licentia
327 3771 442 3834 insum
464 3770 591 3832 modum
613 3771 781 3851 prodiisse,
809 3778 843 3833 nt
861 3771 960 3910 sipnis
975 3771 1077 3836 salum
1100 3771 1207 3834 oculos
1229 3771 1265 3833 in
1288 3769 1351 3832 baa
1378 3780 1431 3832 tua
1457 3769 1615 3852 benelootu
1639 3770 1821 3849 coesjecerit,

188 3850 281 3932 {oeile
294 3847 355 3913 sibi
364 3849 550 3929 persuadeat
564 3856 650 3910 tuom
671 3849 849 3929 larpitotem
864 3869 885 3910 n
900 3857 951 3912 tro
966 3849 1022 3912 ltas
1036 3850 1183 3912 terminas
1198 3849 1351 3929 propredi
1372 3867 1439 3910 non
1454 3850 1594 3927 patuisse
1608 3869 1618 3909 .·
1634 3866 1703 3909 anas
1722 3854 1822 3908 tamen

189 3948 224 3989 en
237 3928 336 3990 multo
349 3929 448 4021 mopis
462 3926 643 3992 excelluerit
658 3929 692 3991 in
703 3927 907 3990 sustentanda
918 3930 1089 3992 multarum
1104 3929 1224 4009 inopia,
1241 3928 1276 3991 in
1295 3927 1525 3990 calamitatibus
1537 3924 1727 4022 papularum
1742 3926 1823 3985 relo-

188 4006 312 4080 nandis,
326 4007 361 4070 in
376 4006 437 4070 osis
448 4005 584 4086 publicis
599 4007 787 4082 muniendis,
800 4008 836 4069 in
848 4007 1000 4087 pontibus
1016 4007 1219 4089 aedificandis,
1232 4007 1266 4070 in
1278 4006 1483 4071 xenodochiis
1499 4004 1669 4086 respondis,
1688 4004 1724 4063 in
1749 4003 1822 4063 aliis

188 4085 305 4150 adibus
319 4084 559 4158 constituendis,
576 4094 664 4148 anta
679 4085 893 4168 probamentis
904 4088 1095 4163 excitandis,
1110 4085 1316 4169 quibusapri
1328 4096 1493 4158 curentur,
1518 4082 1688 4147 amentibus
1709 4084 1823 4160 prori-

188 4164 312 4234 deotur,
325 4182 390 4227 uno
402 4164 494 4227 uerba
511 4167 546 4228 in
557 4165 685 4244 publica
696 4164 855 4227 bominum
866 4165 1019 4245 {elicitats
1034 4167 1127 4244 lanps
1142 4166 1349 4245 praaebenda.
1374 4165 1414 4226 ln
1431 4166 1587 4228 uolumine
1605 4172 1731 4223 tuorum
1748 4178 1822 4239 ope-

189 4260 272 4317 rm,
288 4243 326 4306 ds
336 4261 399 4335 quo
434 4243 509 4307 aula
525 4254 597 4307 ants
608 4245 794 4307 mentionem
805 4243 878 4326 leci,
894 4244 1001 4325 plures
1012 4255 1089 4307 sunt
1102 4245 1251 4324 epistolae,
1265 4244 1378 4325 auibus
1396 4261 1468 4305 aera
1492 4244 1576 4305 ratio
1593 4242 1734 4304 traditur
1744 4257 1824 4319 pra-

189 4321 341 4401 spioiends
367 4341 383 4382 s
418 4323 466 4387 uti
494 4334 525 4386 et
555 4323 721 4388 commodis
732 4339 917 4403 spencrum:
939 4324 993 4388 sed
1016 4324 1075 4387 illa
1099 4325 1233 4386 monime
1249 4323 1347 4402 dipna
1371 4330 1416 4386 est
1440 4342 1508 4403 aaa
1525 4325 1697 4400 leuaturas
1719 4321 1823 4399 patara

190 4400 360 4464 celebretur
373 4401 519 4481 epistola,
539 4419 600 4483 qua
622 4418 802 4483 permanum
814 4403 946 4482 fratrem
968 4409 1057 4465 tuum
1073 4403 1233 4474 Tbamom,
1257 4403 1430 4464 antistitem
1446 4402 1688 4477 Gerundensem,
1713 4398 1824 4473 sisoim
1863 4439 1867 4445 ·

189 4477 300 4559 auibus
315 4487 352 4542 tn
369 4480 483 4543 studiis
496 4481 699 4563 pracipeandi
722 4481 891 4551 incensum,
905 4479 980 4544 bens
993 4481 1030 4545 dc
1049 4481 1158 4543 multis
1171 4481 1315 4543 meritum
1328 4499 1366 4543 aa
1388 4489 1566 4549 merentem,
1587 4479 1628 4542 ad
1641 4476 1825 4558 bospitalem

189 4560 333 4621 caritatis
356 4557 482 4621 domum
504 4561 627 4641 aliaque
640 4558 768 4640 publica
781 4560 910 4639 pietatis
926 4578 1022 4641 opera
1045 4558 1251 4635 absolvenda,
1271 4560 1411 4639 quumvis
1436 4567 1623 4634 currentem,
1644 4556 1777 4637 impellis
1794 4564 1822 4616 et

189 4636 370 4714 pravissime
386 4637 573 4706 eobartaris.
590 4638 700 4702 allatis
713 4640 748 4701 in
767 4637 900 4700 medium
914 4639 1063 4719 encenplis
1076 4638 1292 4719 episcoporum
1308 4639 1481 4719 prasertim
1500 4638 1663 4719 Hispania
1683 4638 1739 4716 qni
1760 4651 1824 4695 non

190 4715 312 4778 insonis
340 4724 369 4777 et
395 4715 565 4779 inuidiosis
591 4716 891 4792 substructionibus,
912 4718 1070 4798 multaque
1095 4718 1200 4780 minus
1214 4714 1390 4798 sumptibus
1411 4716 1520 4798 illesis
1543 4735 1612 4779 cum
1639 4713 1757 4796 probro
1787 4731 1824 4774 aa

190 4793 349 4869 dedecore,
359 4795 412 4857 sed
427 4795 567 4877 adpetis
580 4795 740 4858 commoda
750 4795 877 4875 publica
890 4796 1111 4860 construendis
1124 4815 1162 4858 uo
1173 4794 1315 4858 domibus
1327 4796 1392 4875 piis
1405 4794 1576 4875 fundandis
1585 4795 1698 4875 quibus
1710 4808 1823 4871 paupe·

190 4871 279 4934 ribus
292 4875 456 4954 utriusque
472 4893 565 4937 senus
581 4873 800 4953 prouidentur,
812 4876 905 4953 pueri
920 4883 950 4939 et
960 4876 1082 4956 pulla.
1096 4875 1160 4937 riri
1172 4880 1202 4937 et
1213 4874 1335 4955 lomina
1347 4891 1485 4936 seorsum
1498 4874 1620 4938 artibus
1637 4874 1708 4936 nitu
1722 4869 1826 4932 lomi·-

190 4969 265 5013 num
279 4952 462 5015 necessariis
474 4961 503 5013 et
517 4952 650 5033 opipera
664 4962 877 5026 exerceantur,
891 4953 1109 5035 sempiternam
1120 4952 1181 5017 sibi
1192 4953 1329 5017 nominis
1339 4953 1454 5034 samam
1464 4961 1662 5033 pepererunt.

230 5031 273 5093 Χ.
292 5030 356 5093 llis
372 5041 399 5091 st
411 5031 565 5095 similibus
577 5030 651 5095 aliis
668 5030 730 5092 tuis
742 5032 905 5111 praecptis
917 5040 947 5093 et
957 5031 1237 5101 cohortationibus,
1255 5032 1401 5112 princeps
1418 5033 1668 5101 eminentissime,
1692 5043 1825 5104 capres-

189 5127 255 5186 sam
276 5126 399 5172 enuere
419 5104 491 5172 licet
516 5118 577 5173 tua
592 5108 794 5190 benipnitatis
808 5110 983 5189 imapinem.
998 5113 1062 5174 Tot
1075 5110 1157 5173 enim
1168 5118 1293 5173 eastont
1309 5119 1371 5173 tna
1386 5111 1447 5191 pia
1465 5108 1663 5172 liberalitatis
1675 5104 1826 5186 perennia

187 5195 392 5251 ‘monumento
406 5188 440 5251 in
464 5188 656 5268 amplissimo
671 5189 832 5251 dioceseos
847 5196 908 5252 tuoe
916 5188 1084 5269 prouincia
1093 5190 1212 5269 portien
1225 5188 1263 5252 ab
1276 5189 1349 5254 aliis
1366 5190 1523 5257 inobaato,
1534 5188 1586 5249 sed
1600 5206 1620 5247 a
1635 5193 1664 5247 ts
1699 5186 1827 5261 ertecto,

190 5268 337 5348 partimo
346 5266 558 5346 {umammtis
571 5267 613 5330 ad
623 5267 981 5348 lmtipiumateipsoper
993 5267 1204 5331 nobilissimos
1213 5267 1400 5332 orobiteetos
1410 5267 1561 5348 perducto
1569 5272 1597 5325 et
1610 5283 1648 5344 pe
1691 5262 1827 5334 urenda:

190 5353 253 5409 tam
262 5344 567 5427 effnsnpraoidsntia
579 5347 1121 5428 cumannonainproaesait,papulis
1133 5348 1291 5425 pastorali
1303 5357 1364 5410 tua
1377 5363 1459 5408 eura
1472 5344 1640 5406 commissis
1653 5341 1827 5423 prospieis:

190 5426 237 5487 sic
250 5433 333 5485 ortes
352 5424 507 5493 liberales,
522 5441 627 5487 emm
646 5425 738 5487 stiam
750 5425 923 5488 academica
947 5426 1055 5488 sabelo
1080 5426 1142 5489 rite
1168 5425 1329 5498 instituta,
1342 5426 1391 5488 in
1402 5425 1510 5485 melion
1523 5421 1748 5501 prauelsispsis
1761 5421 1827 5481 aliu

191 5502 321 5585 apipoio
342 5502 384 5565 ad
406 5504 479 5565 rita
494 5520 583 5565 nsum
606 5505 778 5566 necessaria
797 5521 902 5583 aupes,
927 5513 962 5565 nt
989 5513 1018 5578 te
1037 5522 1101 5566 una
1116 5505 1151 5567 in
1167 5505 1325 5596 exemplar
1348 5501 1514 5591 proposito
1528 5500 1621 5581 [acilo
1643 5501 1828 5564 ostentatur

257 5590 345 5643 ntum
359 5580 639 5646 Gbristionioultns
651 5581 832 5661 disciplina,
844 5591 871 5643 et
883 5582 1111 5646 clericatbolioi
1124 5580 1436 5645 institntsainansbus
1445 5579 1831 5662 impiorumquosuanlum.

192 5600 354 5730 minum
372 5660 680 5726 aasumenlatianibus
693 5669 819 5740 praeiet
834 5661 874 5724 ad
890 5663 1042 5728 neriaersu
1054 5662 1231 5742 ra'pubtieo
1245 5656 1623 5738 caesrmadapraourandu.
