4150 6192
146 301 188 358 ppt
699 297 979 358 ruttutsltttslult
999 299 1104 359 titum
1125 301 1158 358 4.
1708 310 1761 370 ld,

260 410 592 482 interpunctionem
606 409 683 467 44444
697 419 725 466 44
735 411 861 479 multem,
938 415 963 473 4
1065 413 1159 479 Suus,
1174 411 1299 482 ministri,
1312 413 1453 474 clamitans
1465 416 1547 488 44444
1558 417 1608 486 sit,
1665 450 1668 459 ‚

259 500 413 570 6444444444
425 500 541 572 lympltis
552 509 581 556 ut
595 510 770 558 snuscsmur
786 499 869 566 Patri,
1098 507 1191 572 Sta'is,
1204 523 1350 579 manusque
1362 510 1505 567 continetis
1518 511 1659 569 uindicaui

143 593 192 650 4444
260 592 372 660 Capiant
383 599 411 647 et
426 592 512 661 ipsunt
526 591 633 669 coalitus
645 586 826 646 paraclitum:
1098 595 1156 650 lion
1170 606 1245 667 rupti
1261 598 1343 656 sulcis
1357 598 1496 657 dissecatis
1514 602 1638 658 uisceral

225 680 522 754 unsaramma
536 689 662 751 nepam
675 680 834 752 eruorem,
1098 686 1220 741 44444
1235 687 1501 745 metamaucum
1516 692 1662 759 4444444,
1682 672 1688 683 “

258 777 377 833 conant
391 785 422 833 ut
436 776 499 837 illud
515 777 603 834 lurueu
618 784 728 833 44444444
742 777 815 848 spei,
924 831 931 847 ‚
976 777 1030 834 444
1101 777 1221 848 Erumpit
1240 780 1311 836 unde
1323 795 1375 836 uos
1392 780 1502 851 prolana
1518 783 1545 838 iu
1559 785 1726 857 principem?

257 867 316 922 lta·
330 866 494 925 succulentis
507 866 621 923 inlluens
634 868 784 934 4444444444,
1066 872 1172 942 1108
1182 871 1311 928 84444444
1326 882 1469 944 utrumque
1482 875 1580 931 milites
1595 877 1724 933 teterrimi

262 956 315 1012 uec
329 957 485 1028 corporales
499 973 547 1028 per
562 957 694 1015 leuestras
705 962 836 1025 emicans,
1099 963 1225 1017 liucrane
1237 962 1326 1018 luulco
1337 964 1447 1031 pensilis
1458 963 1529 1021 44444
1544 965 1604 1032 riri,

142 1049 191 1104 444
261 1047 338 1102 Puris
356 1048 403 1103 scd
419 1048 492 1106 iutus
505 1049 575 1120 quod
592 1050 693 1106 relucet
706 1051 852 1106 mentibus.
1099 1050 1209 1108 Sulcant
1224 1067 1271 1121 per
1284 1060 1359 1107 artus
1373 1053 1449 1124 longa
1464 1054 1569 1111 tractim
1584 1056 1705 1125 uulnera,

224 1136 327 1206 Pupilla
341 1139 431 1194 carnis
444 1153 534 1195 crassa
547 1155 668 1196 44444444
681 1143 818 1211 perspicit,
1098 1141 1210 1210 obliqua
1226 1140 1317 1209 rectu,
1334 1151 1406 1199 recta
1422 1145 1581 1201 transversis
1595 1155 1707 1213 444444,

262 1228 354 1284 Etrus
374 1227 485 1297 caduca,
515 1229 586 1300 qood
609 1231 794 1288 sesulmudurn
817 1241 869 1294 est.
886 1231 925 1287 ri·
975 1231 1029 1287 445
1101 1232 1134 1287 Et
1145 1232 1201 1302 jam
1214 1232 1322 1288 retectis
1337 1240 1430 1301 pectus
1443 1235 1515 1290 44444
1527 1235 1642 1292 eattae.

817 1322 887 1395 [dct:
1063 1321 1179 1378 Niteudu
1193 1321 1330 1391 auitalant,
1343 1322 1467 1381 44444444
1480 1324 1638 1394 sudoribus,

262 1407 380 1478 44444444
393 1408 516 1465 ridendis
528 1419 607 1483 aptus
618 1419 661 1468 cst
674 1412 771 1469 animae
785 1414 888 1486 liquor:
1098 1412 1165 1467 Cura
1180 1412 1215 1467 sit
1228 1411 1334 1480 anterus
1349 1413 1430 1468 ueros
1443 1413 1471 1468 in
1490 1429 1570 1485 quem
1584 1416 1706 1473 saeuiunt.

261 1498 360 1555 liatura
375 1498 481 1556 lertsm
495 1501 550 1556 solu
566 1501 773 1559 ferventissimus
1100 1502 1163 1557 llaec
1177 1502 1217 1556 iat
1234 1518 1247 1556 4
1261 1502 1336 1556 addit
1346 1514 1442 1572 sponte
1454 1505 1589 1561 Romanus
1600 1506 1685 1576 loquis

142 1588 190 1646 444
262 1589 412 1645 4444444444
425 1592 478 1645 vius
491 1603 677 1648 coruscantem
689 1594 771 1663 capit.
1098 1590 1128 1648 Si
1141 1594 1249 1662 quasis,
1266 1606 1283 1647 o
1298 1591 1432 1660 prateae,
1446 1608 1538 1650 rerum
1553 1610 1680 1658 noscere.

224 1677 292 1745 linc,
307 1688 383 1748 opto,
399 1679 489 1737 lumen
503 1681 648 1752 imperator
661 1686 768 1740 noterit
975 1681 1028 1738 4644
1101 1680 1157 1737 lloc
1169 1695 1249 1737 omne
1262 1681 1390 1752 quidquid
1404 1682 1568 1741 lancinamur
1579 1699 1632 1742 aaa
1646 1688 1717 1744 dolet
1734 1705 1741 1743 ε

258 1768 341 1832 Tuus,
357 1782 497 1841 meusque,
513 1772 536 1827 sl
549 1772 614 1829 uelit
628 1774 685 1831 44444
699 1791 788 1840 mcum
938 1770 962 1831 B
1062 1771 1139 1827 llolet
1152 1771 1223 1841 4444
1237 1785 1313 1827 error
1329 1772 1428 1840 pectori
1443 1771 1540 1830 insedit
1555 1784 1614 1841 tuo,

262 1857 328 1913 Nam
343 1858 365 1914 si
378 1860 477 1915 resistit
489 1861 643 1919 Christiano
655 1865 756 1920 nomini
764 1907 772 1930 ‚
1106 1865 1220 1932 Papirios
1232 1864 1302 1936 quod
1315 1864 1382 1920 istos
1395 1865 1614 1934 perditus‘tocuua
1629 1870 1730 1925 tranis:

260 1950 333 2006 44444
346 1951 391 2008 ille
405 1951 466 2007 talis
480 1952 626 2024 imperator
641 1972 694 2011 aon
713 1958 784 2014 crit:
1101 1956 1216 2010 4444444
1234 1954 1387 2026 [sequentes
1402 1955 1518 2027 undique
1531 1957 1565 2012 ad
1579 1963 1760 2029 spectaculum

142 2039 189 2095 444
259 2040 353 2098 Scelus
362 2042 475 2113 jubenti,
491 2046 581 2114 crede,
595 2062 731 2118 uunquam
744 2048 872 2105 serviam.
1103 2047 1208 2105 Getrtile
1223 2048 1326 2119 tulgus,
1341 2047 1410 2104 4444
1426 2050 1555 2120 gemenda
1569 2064 1700 2124 corpora,

780 2180 927 2241 enasse
946 2180 1112 2240 verunas
1161 2252 1163 2257 s

173 2290 233 2347 titt.
250 2289 353 2357 tracte,
366 2291 483 2361 fideliter,
498 2291 518 2346 Ι.
1008 2297 1072 2352 444.
1087 2292 1224 2357 Vindices,
1235 2307 1293 2376 puae
1303 2292 1392 2347 444444
1406 2294 1533 2351 uindicare
1542 2310 1588 2351 trus
1600 2297 1726 2362 44444444,
1739 2301 1757 2357 l.

172 2361 233 2419 tsi.
250 2362 433 2427 Saeculanus,
456 2363 515 2417 44444
538 2363 654 2433 tietiltts,
680 2365 818 2422 4444444444.
832 2363 920 2422 -14-
1008 2366 1071 2422 449.
1087 2363 1210 2418 auditam
1225 2364 1368 2428 rtrusroini,
1381 2365 1554 2420 alscanditam
1566 2369 1724 2436 scrutamini,
1738 2374 1757 2426 Ι.

142 2432 232 2495 duetus,
245 2432 341 2486 scilicet
358 2431 424 2486 444444
438 2432 532 2500 lemur,
549 2433 569 2487 Ι.
1010 2437 1072 2492 titi.
1087 2434 1114 2488 ln
1131 2435 1287 2502 principem,
1301 2444 1402 2496 contra,
1419 2435 1438 2489 Ι.

172 2501 233 2557 446.
250 2500 386 2568 Crassum,
402 2516 449 2570 pro
461 2517 557 2569 444444,
571 2503 591 2556 l.
906 2520 913 2533 ·
1008 2506 1074 2560 454.
1087 2503 1191 2572 liiulco,
1207 2503 1293 2573 fissili,
1306 2503 1625 2573 et·s9iauta.-Peuailis,
1646 2508 1759 2577 pendeu-
1781 2536 1791 2555 ·

172 2571 233 2627 titt.
250 2571 379 2640 liquidis,
390 2571 637 2643 pario-liquor,
650 2575 760 2643 peritus,
775 2573 795 2630 l.
972 2576 1016 2640 444,
1029 2576 1050 2629 Ι.
1454 2592 1459 2599 ·

171 2643 232 2699 tiu.
246 2641 345 2696 Natura
356 2642 473 2710 lerneus,
483 2642 620 2699 anitum·
628 2642 854 2714 remetiuntur,
866 2646 921 2701 eoi·
1008 2640 1205 2704 4544444ιὶ44,
1215 2639 1347 2704 traiecto,
1356 2649 1384 2694 ttt
1393 2643 1475 2712 major
1484 2652 1546 2697 esset
1556 2645 1693 2713 4444444444,
1702 2651 1758 2702 ides

141 2711 257 2777 44444444,
271 2711 293 2766 Ι.
973 2716 1075 2770 tractim
1087 2711 1215 2778 44444444,
1226 2711 1247 2765 l.
1260 2708 1442 2776 continuatim,
1459 2712 1517 2766 lat.
1529 2714 1562 2766 4.

170 2780 231 2836 tls.
246 2781 285 2845 st,
296 2782 319 2835 44
332 2788 427 2845 lamen,
441 2779 463 2837 Ι.
1009 2784 1074 2841 454.
1087 2782 1212 2851 Nitcudo,
1227 2779 1376 2849 4444444444,
1389 2782 1429 2835 rel
1441 2781 1616 2854 iscamlcada,
1632 2783 1651 2840 l.

172 2851 234 2908 444.
246 2849 343 2919 Crede,
357 2851 431 2920 mili,
446 2851 467 2909 l.

809 2935 1087 3029 cuultuttlttttttls

169 3051 231 3109 tuti.
254 3052 411 3110 Parrhasius
433 3055 498 3126 lepit
519 3070 597 3127 44444
618 3055 680 3125 idei
701 3064 729 3110 st
751 3056 869 3120 militent,
891 3068 921 3111 ut
973 3047 1188 3175 rocctpoteiac

140 3123 213 3195 longa
234 3124 268 3178 sit
290 3124 407 3179 4444444
432 3124 460 3181 44
483 3125 554 3194 fidel.
577 3124 675 3180 Contra
697 3126 952 3189 consrtetndinemc
1001 3121 1064 3177 458.
1090 3115 1253 3175 nonnuttllis
1262 3114 1569 3199 vualpdfuttiduemale,
1583 3133 1631 3188 pro
1641 3123 1758 3192 liquidis.

140 3192 272 3249 Prurlentii
285 3194 310 3248 id
322 3203 374 3261 est,
384 3202 411 3250 et
421 3195 582 3251 membranae
592 3195 757 3253 obnituntur.
769 3195 834 3251 Vide
845 3211 918 3251 cum·
969 3192 1007 3248 ile
1021 3192 1072 3247 lroc
1083 3186 1212 3245 ruothario
1230 3186 1342 3258 liquidus
1356 3201 1405 3256 pro
1424 3192 1555 3257 spirituali
1569 3194 1680 3249 consule
1693 3212 1757 3265 prro.

140 3274 219 3319 utent.
232 3263 277 3319 ad.
293 3277 364 3319 vers.
379 3264 415 3320 62
428 3265 576 3321 tttuocnet.
602 3264 630 3319 lu
644 3265 848 3322 allocutionibus
868 3266 917 3320 irn-
966 3263 1019 3333 leg.
1034 3275 1094 3331 cap.
1109 3260 1151 3316 45.

139 3342 286 3403 pecatorum
302 3332 336 3386 ad
351 3334 497 3391 4444444444
516 3335 650 3406 praecipue
673 3335 828 3391 4444444444
851 3336 918 3392 lidus
1001 3333 1065 3387 445.
1079 3329 1154 3394 444,
1175 3325 1254 3390 litia..
1269 3324 1383 3393 04444,
1398 3325 1500 3395 litun,
1516 3327 1589 3391 ttot..
1606 3345 1675 3387 uncas
1688 3334 1755 3392 lor·
1782 3377 1785 3381 .

139 3403 249 3457 miiitum
271 3411 320 3458 :et
342 3402 369 3458 in
385 3404 500 3459 nttmmis
521 3413 586 3460 vett.
601 3415 744 3460 occurrunt
765 3404 916 3475 hujusmodi
967 3411 1036 3458 scut.
1065 3411 1092 3456 ct
1105 3399 1160 3467 alii,
1173 3397 1285 3453 resistat.
1300 3395 1435 3467 Plerique,
1450 3399 1555 3453 resistit.
1573 3400 1702 3472 44444444,
1716 3424 1756 3461 rc·

140 3472 228 3539 44444,
239 3470 315 3528 Fides
328 3473 445 3534 militem.
453 3474 517 3542 44444
529 3476 663 3540 4444444444,
675 3474 739 3543 fides
749 3477 915 3529 meritarum.
965 3473 1046 3526 sistis.

141 3538 367 3625 lldelnselmum
380 3543 543 3626 ,4444444444
557 3544 591 3599 44
605 3543 734 3599 Numisia.
751 3544 915 3600 Situilitcrin
1001 3540 1064 3597 445.
1079 3537 1213 3620 Gattcltiut
1236 3535 1350 3594 malebat
1371 3554 1502 3608 auaaaeos
1523 3537 1666 3598 4444444444.
1690 3543 1755 3614 Cur,

139 3610 916 3755 44444444444444444.4444444444
966 3606 1317 3739 ‘'itt‘lt'tiiim...
1330 3677 1414 3747 ...a
1429 3691 1479 3748 no
1492 3683 1613 3749 ...nr

139 3748 253 3806 lustints
263 3751 295 3805 ad
306 3751 468 3808 Antoninum
480 3753 568 3820 Pium,
579 3764 608 3808 ut
620 3751 915 3812 notatCltamillardus:
1000 3749 1084 3814 stt..
1113 3746 1172 3828 Vll·
1192 3744 1225 3811 B·
1246 3745 1312 3800 Mll-
1332 3760 1424 3814 supra,
1439 3745 1493 3800 (¹⁰⁰
1504 3747 1682 3818 Torrentiani,
1698 3752 1756 3812 Gil-

141 3818 194 3874 4444
205 3821 285 3876 mlum
296 3819 378 3876 ileum
389 3822 534 3889 aduentus,
557 3834 580 3877 st
594 3823 662 3879 uelis
678 3823 704 3876 in
716 3821 792 3878 relus
803 3824 863 3879 aliis
872 3826 917 3878 444-
965 3820 998 3874 44
1013 3833 1101 3882 44444,
1115 3824 1232 3884 utraapse
1247 3829 1294 3883 pso
1307 3823 1451 3884 strumene.
1467 3815 1519 3871 Pro
1530 3820 1650 3875 teterrimi
1665 3822 1756 3893 Pasa..

140 3891 917 4032 ,44444444
967 3884 1754 4027 tltt.titt·ttttttitnlttltutttistut

139 3981 703 4103 puetatssaaanapisapscmcsterrirltincrs
714 4033 914 4097 cooperiamini.
965 4041 1060 4087 censet
1079 4026 1129 4083 laos
1146 4040 1238 4080 sersus
1256 4023 1401 4095 capiendos
1419 4038 1480 4082 esse
1499 4024 1533 4080 de
1552 4040 1587 4082 sc·
1599 4028 1753 4100 minoium,

137 4096 277 4180 44444444,
292 4099 338 4154 144.
351 4115 388 4165 tr.
408 4104 459 4158 444
471 4102 550 4184 linem
570 4100 688 4183 :Nostra
700 4101 802 4185 4444444
818 4103 916 4185 scripta
965 4100 1036 4182 quod
1061 4111 1146 4169 pestus
1165 4106 1221 4181 erat
1245 4094 1341 4166 flagelli
1364 4110 1384 4178 a⁸
1398 4094 1550 4177 scorpionis
1571 4099 1656 4179 cauda
1677 4099 1755 4168 deti,

140 4174 291 4294 {itit-‘3
304 4171 773 4309 tuttiiidtititttt
789 4186 916 4310 itti:
965 4164 1755 4317 tlt.ti‚¹titttti.t⁰i:litttlt‘lt‘ttitlunl

141 4306 194 4363 stis.
208 4319 230 4361 et
243 4309 313 4363 44444
325 4311 467 4380 postulatur
480 4310 679 4383 osculantibus,
702 4311 860 4375 concilicet,
876 4328 916 4367 re·
967 4324 1070 4382 mar-ys
1081 4309 1118 4364 ita
1131 4321 1219 4362 caeam
1233 4307 1325 4370 lucrat,
1340 4304 1427 4361 dicam
1439 4305 1473 4360 44
1487 4318 1559 4360 vers.
1572 4305 1637 4362 494.

156 4375 218 4440 iles,
231 4385 283 4432 etc.
297 4378 481 4451 Athenagoras
495 4381 522 4436 in
537 4380 589 4436 lina
602 4380 739 4450 apologiae
752 4381 850 4437 similis
864 4381 913 4437 lta-
1001 4381 1066 4435 454.
1082 4380 1160 4440 liar..
1171 4375 1315 4449 trarrsuerri,
1326 4384 1354 4431 et
1365 4390 1413 4445 pro
1422 4374 1476 4430 dir.
1490 4375 1583 4445 script.
1593 4382 1753 4438 transuersis.

174 4455 192 4509 t,
205 4448 246 4501 ubi
262 4447 346 4504 rideri
360 4458 472 4518 possunt
485 4461 555 4506 nuta
569 4450 761 4506 llaurinurum.
930 4486 955 4546 Β
1002 4450 1065 4506 tus.
1090 4447 1227 4504 44444444
1240 4444 1398 4516 hypallagen
1413 4445 1533 4516 agnoscit
1542 4460 1591 4516 pro
1605 4461 1662 4502 osse
1671 4450 1756 4507 444444

173 4517 234 4572 liu.
247 4516 276 4572 ln
292 4518 352 4572 liat.
367 4519 466 4575 sciolus
487 4520 583 4590 aliquis
598 4530 710 4601 propter
723 4532 816 4576 vocem
832 4517 914 4574 Para·
966 4529 1062 4575 retecto
1075 4528 1183 4591 pectore.

142 4583 233 4655 clitum,
246 4593 274 4642 el
291 4584 431 4655 idolorum,
453 4590 487 4644 ila
506 4598 618 4644 mutavit
639 4590 687 4644 laos
700 4603 803 4656 versus,
828 4590 913 4646 erasis
1003 4588 1065 4644 454.
1080 4591 1108 4645 ln
1122 4588 1196 4641 444444
1209 4574 1353 4708 corripitur
1376 4600 1403 4651 4,
1422 4584 1544 4654 qutamuis
1571 4584 1606 4641 ·it
1627 4600 1644 4641 o
1665 4602 1754 4661 tuega,

143 4657 278 4723 priorious,
302 4654 442 4729 ipssarpue
454 4660 549 4729 piamen
570 4660 669 4714 celitus
680 4670 783 4727 capeat
800 4676 912 4725 4444444,
966 4659 1038 4730 quud
1059 4672 1146 4729 oeque
1160 4670 1175 4710 a
1187 4654 1280 4710 Citamt
1295 4653 1379 4721 lardo,
1395 4669 1483 4724 raeque
1497 4668 1512 4707 a
1526 4654 1655 4726 tlellario,
1669 4674 1756 4731 neusse

142 4720 392 4805 &concussamque
405 4737 524 4798 respuant
539 4728 684 4800 colipiaent.
708 4730 777 4784 satis
791 4730 915 4813 intelligi·
967 4729 1090 4786 s'icolio
1116 4731 1142 4782 in
1166 4725 1222 4781 suis
1244 4723 1377 4779 iudicibus
1404 4732 1447 4779 est
1470 4723 1704 4796 animaduersum,
1728 4741 1757 4788 ut

144 4801 308 4861 turtneptum
332 4797 403 4853 lauare
425 4807 605 4853 correctorem
619 4808 703 4853 artem
724 4800 861 4854 metricam
877 4809 914 4855 tta
967 4798 1073 4855 ustetrdi
1087 4796 1120 4851 44
1134 4810 1205 4851 vers.
1220 4793 1266 4851 52.

144 4865 294 4935 percepisse,
308 4874 337 4921 ut
349 4866 407 4935 ipsc
420 4881 514 4923 uersus
534 4867 643 4934 laceret,
666 4882 718 4922 non
734 4877 762 4921 ut
776 4867 895 4925 Prudens
907 4871 915 4924 i
1002 4868 1067 4924 448.
1082 4865 1208 4922 Nonnulli
1221 4866 1306 4931 vulp„
1319 4864 1395 4933 audet
1409 4873 1510 4928 444444.
1535 4906 1539 4914 .

143 4946 228 4989 terem
241 4935 406 4993 emendaret.
420 4938 449 4993 lu
460 4936 537 5002 lien,
549 4935 725 5008 Paracletum,
736 4937 825 4993 miuus
834 4939 913 5006 uene,
1002 4937 1066 4992 464.
1078 4935 1171 4991 Weitz.
1185 4948 1245 4991 cum
1260 4934 1752 5005 444,,144444444444444444444444.

143 5015 186 5071 pru
199 5001 367 5060 Paruclilttm.
971 5007 1148 5063 detinendum
1163 5004 1333 5059 lancinamur.
1352 5005 1380 5059 in
1396 5003 1453 5059 tat.
1468 5008 1492 5061 ‚l
1506 5016 1548 5063 est
1560 5007 1707 5072 laniatum
1728 5008 1755 5062 iu

172 5074 231 5129 ist.
252 5075 337 5131 Aldus
355 5075 460 5131 videtur
480 5075 542 5131 datu
558 5090 639 5147 opera
654 5074 770 5132 edidisse
785 5078 822 5132 ttti
842 5079 917 5132 tlala-
972 5077 1030 5133 lat.
1044 5076 1248 5131 Bluntiuumur.

143 5155 204 5209 4444,
218 5159 252 5200 44
266 5145 384 5203 munda
400 5147 427 5201 iu
441 5146 569 5201 idolorum
582 5146 773 5215 corriperetur.
800 5150 834 5202 44
846 5148 917 5201 natta
1005 5147 1070 5203 464.
1095 5145 1169 5213 414,
1181 5143 1252 5209 Gis..
1270 5145 1373 5199 insidet.
1399 5144 1433 5200 Sc
1448 5144 1496 5214 ipti
1510 5143 1638 5214 potiores,
1653 5146 1756 5201 insedit.

143 5223 202 5280 epm
215 5224 256 5270 est
269 5215 445 5283 correctione,
462 5225 490 5273 et
506 5215 707 5287 scriptitabant
725 5215 775 5287 legi
795 5225 823 5271 ut
836 5218 920 5272 idolo·
972 5214 1096 5339 Cium
1111 5231 1171 5272 cuut
1187 5213 1260 5283 444,
1274 5214 1370 5281 Tarm,
1384 5222 1411 5270 ct
1424 5215 1507 5270 Paris.
1523 5215 1566 5271 ed.
1581 5215 1701 5282 Puteum,
1718 5218 1757 5270 iu·

143 5294 202 5335 4444.
970 5288 993 5341 44
1013 5295 1048 5341 et.

172 5351 233 5409 452.
248 5355 323 5419 444,,
338 5353 479 5421 mendose,
491 5354 564 5409 ilium
579 5370 627 5424 pru
641 5354 717 5409 allud.
728 5354 797 5425 uto,
810 5355 920 5426 licita,
1007 5355 1070 5411 464.
1088 5354 1161 5421 444,
1175 5354 1269 5424 Tarm,
1280 5351 1536 5420 Gallsnd·,Widm.,
1553 5353 1647 5425 Bona,
1664 5362 1757 5413 euulsa

142 5431 237 5476 4444444
249 5432 290 5491 et,·
309 5424 428 5493 plerique
440 5424 485 5478 alii
498 5434 602 5479 4444444
612 5432 652 5479 at.
972 5438 1051 5481 metri
1066 5427 1208 5487 rationem,
1224 5423 1338 5497 Papulas
1351 5425 1419 5488 asad
1432 5425 1494 5477 44444
1510 5432 1591 5477 tecam
1606 5423 1687 5477 trallis
1700 5441 1757 5492 per·

170 5491 229 5546 445.
243 5492 341 5550 Ourios
356 5491 513 5549 succulentos
532 5495 596 5550 dicit
613 5495 649 5550 44
663 5498 800 5551 tumorem
819 5503 848 5551 et
860 5510 922 5551 suc·
973 5494 1052 5550 44444.
1071 5496 1176 5557 Amor..
1191 5494 1308 5558 Thoan..
1324 5507 1339 5546 4
1352 5508 1431 5546 manu
1445 5493 1571 5558 4444444,
1588 5492 1758 5559 Parrhasius,

142 5571 196 5613 cutu
210 5563 380 5619 immodicum
399 5579 453 5633 quo
468 5564 577 5619 4444444
594 5562 672 5619 durat.
685 5566 771 5620 Simili
788 5565 922 5635 signillca·
972 5567 1087 5636 perditus
1103 5577 1184 5620 tecum
1201 5565 1290 5619 tralris.
1306 5564 1409 5616 llruan.
1430 5576 1445 5615 a
1461 5576 1540 5616 44444
1554 5563 1655 5633 priato,
1669 5564 1757 5633 perdi·

142 5628 208 5695 littae
220 5633 247 5686 in
261 5634 335 5701 prasi.
351 5634 469 5689 llamart.
487 5634 587 5702 lusores
601 5634 771 5698 succulentos,
792 5643 821 5690 ct
836 5634 923 5690 Pauli·
973 5629 1759 5705 4444,44444444444444414444444.84444444444444444,

142 5709 187 5753 uus
198 5701 230 5756 ad
243 5702 353 5767 crater.
368 5704 506 5759 4444444444·
518 5705 641 5759 cornaria.
669 5704 757 5760 licitur
771 5706 851 5760 stiam
873 5707 921 5760 ltac
969 5705 1025 5765 ,Gar
1036 5715 1060 5758 te
1069 5708 1091 5758 is
1099 5704 1245 5772 perditum?
1257 5702 1364 5758 Teolius
1378 5700 1404 5755 iu
1418 5715 1470 5756 una
1486 5701 1545 5758 lat.
1559 5703 1680 5760 eamdam
1691 5708 1757 5760 scri·
