4150 6192
246 288 286 351 55
307 339 313 346 .
774 282 910 341 adnutu
930 281 1112 339 PRUDElei
1129 283 1293 363 cellmua.
1835 287 1873 346 514

329 398 432 467 liortis,
444 405 470 455 el
482 395 610 455 borribco
622 409 703 467 sapor
715 393 824 453 ultimus
837 402 944 465 asperet
956 391 1023 449 ban·
1036 398 1063 456 A
1147 395 1188 451 lre
1199 395 1367 466 Voluptatem
1378 410 1387 452 a
1398 393 1524 466 quoniam
1535 395 1576 453 vis
1589 395 1676 465 major
1687 396 1812 454 acerbam

927 485 991 559 [stu.
1078 481 1131 540 415
1148 485 1291 556 compellit
1305 486 1421 542 tolerare
1433 486 1522 556 lugam
1535 504 1543 541 z
1558 487 1674 543 lormido
1689 490 1782 558 pericli

329 582 408 638 Cede
419 581 495 640 ducis
506 581 626 652 dispersa
641 579 707 650 fugit
720 578 872 649 trepidante
884 593 987 649 pauore
1142 575 1285 629 Praedurat
1299 585 1405 631 teneras
1422 575 1476 631 iter
1489 575 1521 630 ad
1536 576 1681 634 cruciabile
1696 578 1811 646 plantas.

328 674 455 743 Nugatrix
469 675 551 727 acies.
564 671 654 735 locus,
669 680 696 725 et
707 668 855 724 Petulantia
871 669 951 741 primi
1147 668 1226 740 627
1250 670 1306 737 Qua
1332 684 1362 724 ss
1386 684 1489 741 cunque
1509 671 1586 743 lugat
1609 673 1721 743 trepidis
1736 674 1788 730 lert
1805 690 1866 731 eur-

327 764 453 837 Cymbula
466 763 609 833 projiciunt
624 779 630 817 :
646 761 743 818 bellum
759 775 820 819 nam
833 760 930 821 talium
944 761 1027 821 armis
1619 748 1706 837 [sibus
1720 782 1828 838 agmen,

242 858 294 916 455
330 856 469 912 Ludebaut
479 869 579 923 resono
591 854 752 910 meditantes
764 853 873 908 vulnera
887 853 980 907 sistro.
1149 849 1250 903 Damna
1262 849 1361 920 jacent,
1376 851 1485 907 crinalis
1495 866 1574 920 acus,
1584 855 1752 924 redimicula,
1761 860 1846 923 vittae,

326 947 470 1023 6264144
484 954 586 1016 tergum
601 944 725 1016 lugitluus
735 945 818 999 Amor
831 961 838 996 ε
853 942 897 998 1414
914 941 965 997 4414
977 956 1024 997 re·
1144 938 1743 1013 Fibula,llammeulumstropbiumdiadema,
1752 948 1861 1004 monile.

896 1034 989 1107 14444,
1076 1030 1129 1090 450
1149 1032 1197 1089 iiis
1209 1047 1239 1087 se
1252 1031 1407 1101 Sobrietas,
1420 1042 1449 1089 et
1461 1042 1531 1090 tulus
1543 1034 1702 1093 Sobrietatis

326 1129 360 1186 Et
379 1128 481 1199 lapsum
499 1141 533 1183 ex
552 1125 671 1184 humeris
689 1141 798 1193 arcum,
819 1124 1026 1197 pharetramque
1146 1122 1270 1178 abstinet
1280 1122 1386 1180 exuviis
1395 1124 1480 1189 miles,
1492 1124 1669 1196 damnataque
1677 1128 1757 1184 castis

839 1216 989 1292 [cadentem
1044 1282 1050 1293 ¹
1146 1214 1279 1271 Scandala
1291 1216 1430 1286 proculcat
1440 1217 1564 1288 pedibus,
1580 1233 1630 1275 nec
1640 1220 1727 1276 lrontc
1736 1236 1844 1279 sereres

327 1309 445 1367 Pallidus
458 1310 516 1381 lpse
529 1318 601 1364 metu
616 1323 663 1365 sua
680 1317 739 1378 post
752 1307 864 1380 vestigia
878 1306 986 1377 linquit.
1146 1307 1314 1363 5444444444
1326 1307 1419 1365 oculos
1429 1310 1579 1379 praedarum
1592 1309 1729 1381 adgaudia
1748 1312 1841 1373 lieetlt.

327 1400 425 1470 Pompa
440 1400 600 1455 ostentatrix
614 1401 674 1454 rani
688 1399 849 1470 splendoris,
861 1399 935 1454 44444
1146 1397 1243 1454 Fertur
1253 1398 1384 1466 Avaritia,
1396 1400 1499 1469 gremio
1509 1405 1651 1470 precinere
1661 1404 1764 1473 capaci,

239 1491 291 1553 4414
326 1490 438 1547 5444444
449 1489 546 1546 laudata
561 1490 651 1560 peplo,
662 1489 775 1546 discissa
790 1489 932 1546 trabuntur
1074 1489 1128 1545 455
1145 1488 1281 1558 Quidquid
1289 1487 1379 1546 Luxus
1389 1490 1458 1546 edax
1474 1490 1620 1560 pretiosum
1635 1492 1758 1560 liquerat,
1773 1508 1841 1549 unca

325 1586 402 1644 Serta
415 1583 586 1650 Venustatis,
608 1584 739 1655 collique,
753 1597 786 1639 ac
802 1585 910 1639 rerticis
925 1596 1021 1640 aurum
1144 1579 1313 1650 Corripuisse
1326 1582 1536 1651 nuannpululura
1547 1582 1573 1637 44
1590 1581 1704 1646 ludibria
1714 1593 1789 1637 vasto

324 1676 452 1743 Solvitur,
469 1685 497 1731 et
510 1688 629 1744 gemmas
644 1674 782 1730 biscordia
795 1673 905 1730 dissona
921 1673 1019 1730 turbat.
1145 1673 1199 1729 Ore
1211 1672 1318 1729 initians
1328 1689 1337 1739 ;
1349 1675 1461 1745 aurique
1468 1674 1559 1744 legens
1571 1674 1720 1744 lrsqmeuta
1730 1674 1824 1730 caduci

324 1765 382 1831 1444
394 1765 466 1838 piqet
478 1765 576 1821 attritis
590 1764 703 1836 pedibus
714 1779 763 1837 per
774 1775 852 1821 acuta
866 1763 966 1821 fruteta
1145 1764 1217 1822 iuter
1240 1780 1384 1821 arenarum
1403 1765 1527 1822 cumulos
1539 1782 1546 1818 ε
1559 1780 1610 1822 444
1624 1765 1723 1822 sulbeit
1739 1765 1843 1836 amplos

880 1901 1023 1959 GLOSSAE
1043 1901 1212 1960 tutunus

271 2039 337 2098 151.“
353 2038 492 2104 4444441444,
507 2053 596 2091 umore
608 2045 680 2106 puls,
695 2036 717 2090 4.
1036 2040 1061 2102 Β
1109 2039 1173 2093 449.
1190 2037 1292 2102 Fibula,
1304 2036 1428 2108 uirqiuule
1442 2035 1590 2104 4411444444.

270 2109 333 2167 455.
352 2108 499 2179 Nugatrir,
521 2108 631 2164 44444144.
646 2105 787 2173 -lucus,
806 2110 884 2179 jocus
905 2105 1022 2180 spatiolo
1109 2109 1175 2165 454.
1190 2108 1276 2173 444144,
1292 2109 1427 2163 coercitus.
1439 2137 1476 2148 -
1487 2107 1625 2172 Damnata,
1637 2107 1761 2178 nefando,
1776 2106 1798 2162 1.

236 2182 373 2251 projiciens
382 2180 459 2252 sopit,
470 2179 491 2234 1.
1109 2177 1172 2235 454.
1188 2179 1314 2244 Seuerus,
1328 2193 1426 2249 prover,
1441 2178 1461 2232 1.

270 2251 334 2306 455.
352 2249 448 2312 Sistro,
462 2248 532 2313 4444,
546 2264 625 2318 prum
638 2249 806 2321 sympliosius,
820 2248 842 2305 4.
1109 2249 1172 2306 454.
1184 2247 1313 2313 Auaritia,
1322 2247 1491 2319 plriiorpqriu,
1500 2248 1528 2302 id
1535 2260 1571 2303 est
1577 2248 1687 2303 uroriliu
1693 2262 1784 2304 aarum
1793 2247 1859 2304 iuter

269 2318 636 2386 tabennensesque
1075 2335 1168 2374 orenor
1182 2320 1252 2389 14444.
1267 2316 1441 2383 -Grcmiu,
1457 2318 1567 2384 sinu,i.

269 2390 333 2446 ltu.
352 2387 445 2458 Pepln,
459 2389 549 2457 pullio,
565 2387 584 2441 4.
1112 2390 1176 2446 455.
1192 2388 1293 2455 Luxus,
1308 2387 1453 2443 delectatio.
1468 2419 1504 2428 —
1519 2389 1601 2448 baca.
1615 2403 1704 2457 nuato,
1718 2388 1738 2443 4.

268 2460 333 2515 441.
351 2459 446 2525 Serta,
462 2460 600 2530 llqumtuto
614 2457 715 2526 cupitis,
731 2456 752 2514 1.
1110 2459 1214 2515 45414
1228 2459 1354 2527 ludibria,
1368 2459 1395 2513 44
1407 2459 1488 2513 rbem
1501 2460 1572 2514 44444
1586 2457 1738 2516 Cbristr'ont't
1749 2458 1798 2527 sit,
1819 2457 1858 2514 441

270 2528 334 2586 444.
349 2529 464 2598 Aqmen,
480 2524 616 2595 44444144,
630 2526 650 2581 1.
1073 2532 1202 2601 pecunius,
1219 2528 1240 2585 1.

269 2597 525 2666 448414114414414,
543 2606 707 2666 ornamento,
723 2597 745 2655 Ι.

901 2687 1180 2749 COMMENTARIUS.

144 2872 146 2877 .
267 2823 330 2881 454.
347 2821 436 2884 unte..
455 2821 555 2876 Widm.
577 2835 671 2890 supra,
686 2820 784 2882 oxon..
797 2820 931 2889 44444444
945 2835 1021 2891 sopor
1074 2810 1131 2877 ind.
1148 2822 1225 2878 iuer.
1241 2823 1324 2879 uerbo
1335 2821 1381 2876 44
1395 2836 1493 2888 ulcus,
1508 2818 1554 2890 qui
1566 2818 1639 2874 addit
1654 2835 1662 2873 τ
1677 2818 1743 2871 Eunt
1758 2826 1857 2883 poetam

234 2894 339 2948 ultimus
355 2901 455 2961 uspmt
467 2890 581 2945 bonatus.
591 2891 722 2959 Plerique,
733 2888 855 2958 born'fieu
867 2906 943 2958 sopor
961 2891 1023 2943 ulti·
1073 2891 1257 2953 Christianum,
1272 2894 1333 2962 quia
1348 2908 1425 2956 nune,
1441 2900 1468 2944 ut
1484 2892 1584 2957 opinor,
1615 2905 1656 2942 ere
1675 2896 1755 2942 toturn
1771 2888 1857 2943 uindi-

235 2980 291 3021 utrts
302 2971 401 3032 4444444
412 2962 516 3014 burste.
530 2959 582 3015 Sed
598 2959 624 3013 in
638 2959 696 3014 444.
707 2959 740 3023 44,
754 2960 827 3022 tle,
841 2957 909 3025 Gis,
921 2959 1019 3015 Weitz.
1072 2963 1184 3015 corfinus
1195 2979 1211 3015 4
1221 2963 1319 3016 mendis
1331 2960 1565 3023 innumerabilibus,
1577 2976 1593 3012 o
1613 2960 1702 3013 duntur
1714 2967 1738 3012 et
1749 2959 1855 3027 eliquat,

233 3044 259 3087 er
275 3033 334 3087 aliis
347 3036 457 3101 asperet.
483 3028 623 3085 Sententia
637 3036 700 3084 nota
713 3040 765 3094 est,
781 3043 886 3085 amaros
900 3043 962 3085 csse
973 3046 1020 3086 vo·
1071 3040 1100 3084 ut
1113 3032 1149 3084 iro
1161 3033 1254 3096 dicum,
1268 3033 1401 3087 atuaticos.
1416 3031 1541 3101 intelligit
1551 3028 1669 3084 Gilauius
1681 3029 1777 3082 rnerida
1799 3044 1858 3095 qum

233 3103 341 3172 luptatis
357 3102 454 3156 esitus.
1070 3100 1097 3155 iu
1111 3101 1158 3156 cit.
1172 3101 1230 3156 ind.
1241 3103 1384 3158 emendare
1394 3101 1504 3157 studuit.
1516 3101 1566 3169 Qui
1590 3108 1712 3154 asserunt
1722 3098 1856 3153 Giianium

268 3171 332 3227 455.
346 3170 373 3225 14
387 3171 469 3238 einp,
480 3166 560 3231 14444,
571 3167 675 3236 corripe
692 3169 768 3223 ‘ocos
782 3168 820 3223 De
834 3168 909 3239 nugis
921 3176 949 3224 et
960 3169 1018 3229 4444
1070 3169 1148 3224 aliam
1163 3186 1270 3238 operam
1285 3171 1442 3227 illustrando
1455 3169 1600 3227 Prudentia
1615 3168 1787 3239 impendisse,
1803 3168 1857 3222 lor·

234 3241 370 3306 44444ιί44
381 3240 482 3296 dictum
496 3240 587 3310 ltymn.
602 3239 620 3294 2
633 3187 711 3293 Catb.
727 3253 799 3294 vers.
813 3238 858 3294 54.
1068 3245 1140 3294 tasse
1158 3257 1191 3296 er
1214 3242 1264 3296 boc
1281 3242 1341 3296 loco
1362 3242 1468 3311 decepti
1483 3252 1554 3296 sunt.
1578 3240 1646 3307 Quid
1661 3240 1696 3293 sit
1714 3241 1750 3292 nis
1763 3241 1856 3307 major,

268 3310 331 3366 454.
347 3308 436 3381 Aliqui
455 3318 559 3364 4444444
578 3308 696 3366 scribunl
710 3309 848 3378 proiciunt,
865 3319 892 3364 ut
907 3307 1014 3377 44444,
1068 3312 1200 3377 explicant
1209 3310 1354 3379 iurisperiti
1365 3310 1398 3364 ad
1410 3312 1462 3385 leg.
1475 3310 1666 3371 4344444444,-
1682 3312 1733 3379 leg.
1747 3307 1777 3364 St'
1788 3326 1855 3363 mer·

232 3378 297 3435 4144.
312 3390 339 3436 44
353 3381 408 3436 alii.
1067 3393 1119 3447 ees,
1136 3381 1149 3451 5
1169 3381 1213 3436 4.·’4
1225 3382 1317 3453 rnujor,
1333 3381 1361 3436 u.
1377 3381 1480 3445 boeot:
1495 3382 1548 3450 leg.
1561 3382 1707 3449 4144444444,
1723 3379 1737 3448 5
1752 3380 1855 3435 Seroisr

265 3451 330 3506 455.
351 3451 464 3520 541444,
487 3447 575 3516 444141,
592 3447 691 3520 prelio.
710 3447 744 3503 Et
758 3446 894 3504 luvenalis
911 3448 1015 3518 quidem
1029 3425 1053 3489 C
1067 3455 1208 3519 quoquede
1218 3454 1307 3506 domn.
1319 3454 1406 3523 infert.
1421 3452 1582 3521 intelligunt,
1594 3465 1654 3506 esse
1664 3451 1716 3503 viru
1726 3451 1853 3515 diuinam,

231 3518 299 3577 dixit
318 3522 437 3577 creditori
460 3520 558 3591 prelio,
576 3528 664 3589 satyra
687 3519 713 3581 7,
737 3533 808 3573 vers.
832 3518 904 3574 4484
928 3519 1019 3575 Statua
1069 3536 1128 3589 quar
1143 3524 1239 3579 accidit
1253 3538 1334 3589 supra
1348 3537 1455 3576 omnem
1471 3522 1607 3575 liuminnna
1622 3520 1782 3574 custodiam.

234 3591 370 3645 meditetur
385 3594 476 3663 prelia
499 3592 581 3644 lusco.
599 3588 651 3644 Sed
675 3587 701 3642 in
714 3588 858 3643 Prudentia
876 3589 929 3659 jam
950 3605 1019 3659 prn-
1103 3590 1166 3647 444.
1180 3596 1260 3663 Aug„
1272 3593 1347 3657 414,
1359 3592 1481 3647 Gilauius
1494 3591 1552 3647 lud.
1564 3591 1655 3653 Luem,
1666 3589 1766 3644 Widm.
1781 3603 1796 3643 a
1811 3604 1854 3645 se·

232 3661 315 3715 cessit
329 3661 433 3718 bellurn.
456 3664 493 3718 lle
507 3661 588 3714 sistro
600 3658 660 3713 ride
674 3670 819 3713 comment.
833 3657 866 3712 ad
881 3674 952 3714 vers.
966 3658 1018 3714 544
1068 3663 1154 3717 oranda
1168 3679 1256 3726 manu,
1269 3665 1406 3734 perdurat,-
1421 3662 1477 3728 alii,
1490 3663 1631 3743 predurut.
1642 3658 1761 3715 Gilauius
1772 3663 1854 3715 aerbo

232 3741 259 3782 et
273 3728 334 3793 bas,
356 3733 402 3785 lib.
419 3748 436 3788 u
451 3740 543 3789 contra
555 3730 754 3812 Symmachum.
771 3728 898 3800 Virgilius
911 3730 956 3783 lib.
971 3745 1018 3785 viu
1068 3727 1124 3785 Psa
1139 3733 1285 3797 contendit,
1302 3735 1352 3788 boe
1366 3732 1479 3788 articulo
1489 3740 1581 3802 nancta
1597 3730 1679 3785 luisse
1693 3730 1762 3798 apud
1779 3740 1852 3784 rete·

230 3796 265 3853 de
278 3798 418 3870 Cleopatra
436 3821 445 3859 a
463 3803 560 3874 Reqinu
575 3815 602 3853 ru
622 3799 711 3853 madiis
726 3801 810 3869 putria
829 3807 901 3855 vocnt
914 3802 1018 3872 oqntt'rttt
1068 3813 1112 3855 tes
1123 3803 1245 3870 plurima
1268 3819 1327 3867 quas
1350 3803 1428 3858 444444
1451 3803 1493 3857 rel
1516 3802 1542 3857 44
1556 3816 1625 3871 prce,
1640 3800 1778 3855 uel-auter
1790 3807 1853 3855 sunt

229 3868 315 3924 sistro.
1067 3883 1238 3929 comnrntata.
1261 3872 1313 3929 Sed
1338 3875 1407 3928 idum
1432 3881 1522 3941 posset
1543 3872 1594 3927 dici
1610 3871 1643 3924 de
1662 3871 1773 3925 articula
1787 3885 1850 3941 pre.

264 3939 327 3995 454.
343 3938 438 3998 444444.
457 3957 516 3998 cum
537 3945 595 3998 solo
607 3938 721 4003 Widm.,
740 3948 764 3993 et
784 3940 885 4006 lapsum
905 3938 1018 3994 44444444
1068 3938 1135 3996 Vide
1149 3943 1241 4013 hymn.
1258 3943 1426 3999 Silincenlii
1441 3957 1512 3997 vers.
1527 3941 1588 4006 l'lli,
1602 3940 1645 3995 ubi
1660 3941 1779 3995 occurrit
1791 3954 1851 3995 rcr-

230 4024 329 4065 oreum.
346 4010 399 4067 Sed
414 4029 462 4069 eur
478 4014 520 4068 bic
534 4016 621 4066 bintus
640 4008 819 4063 admittendus
833 4010 893 4078 erit,
910 4007 1015 4063 dissen-
1066 4007 1129 4064 bum
1144 4014 1271 4082 predum.
1732 4053 1735 4056 .

231 4078 356 4135 lientibus
369 4084 475 4138 caeteris
489 4080 648 4137 codicibus?
1101 4080 1164 4135 444.
1180 4082 1257 4148 ilar,
1273 4081 1399 4149 preminur
1414 4080 1601 4149 procursibus.

263 4149 326 4202 458.
341 4151 455 4218 1341444,
471 4153 555 4219 liquit,
571 4163 625 4203 444
640 4147 676 4201 ita
688 4147 768 4200 bene.
1101 4149 1165 4207 448.
1180 4152 1289 4216 Vicum,
1309 4166 1362 4206 nott
1377 4152 1451 4213 bene,
1475 4149 1599 4204 erirriniir.
1618 4148 1716 4202 Dumna
1731 4147 1849 4216 inlelliqe

224 4240 228 4247 ·
262 4217 326 4271 4514.
338 4218 460 4274 llabanus
474 4220 580 4277 Maurus
594 4216 722 4270 desacris
734 4213 877 4269 Ordinibus
890 4228 948 4285 cap.
963 4214 1011 4270 ts:
1064 4220 1158 4290 spolio.
1174 4221 1325 4291 Pignorius,
1341 4220 1375 4274 de
1395 4220 1486 4276 Servis
1511 4234 1570 4289 paq.
1586 4218 1648 4288 495,
1665 4220 1719 4287 aqit
1743 4219 1778 4273 (14
1798 4234 1847 4273 acu

229 4282 296 4337 Pom
314 4302 354 4338 um
375 4288 554 4352 4444ιὶ4444,
578 4288 629 4340 siue
642 4285 811 4357 jactantium,
826 4293 850 4336 rt
863 4285 903 4338 luis
920 4285 1015 4340 similia
1065 4306 1116 4360 qua
1132 4291 1328 4348 sustinebantur
1339 4299 1366 4346 ct
1378 4290 1524 4359 figebantur
1534 4291 1634 4360 capilli,
1649 4305 1708 4355 quae
1727 4288 1762 4343 ab
1776 4288 1848 4355 Aput·

230 4303 339 4421 filiiflii
351 4354 441 4410 444444
454 4358 708 4427 44404444144444444110
724 4355 888 4421 4440431441.
901 4354 1014 4409 4441444·
1064 4360 1118 4416 leto
1132 4361 1228 4417 dicitur
1240 4362 1319 4418 etiam
1333 4377 1393 4414 scats
1407 4360 1512 4414 crinalis
1528 4360 1572 4414 lib.
1590 4376 1634 4415 vlit
1649 4359 1756 4413 biotam.
1771 4358 1848 4414 Caia-

228 4424 262 4475 cil
273 4438 283 4477 .·
296 4423 342 4478 44
351 4428 394 4494 qui
404 4428 518 4495 opulenti
527 4429 588 4482 eatis
598 4428 623 4481 in
636 4424 709 4491 Sion,
721 4432 744 4478 et
755 4424 882 4490 confiditis
892 4424 919 4477 in
929 4436 1014 4479 moult
1065 4432 1187 4487 mistrurn
1201 4441 1261 4488 erat
1282 4446 1346 4488 acus
1368 4431 1453 4500 major
1464 4444 1524 4500 quat
1536 4430 1663 4486 caleiactu
1678 4429 1847 4499 intorquebat

230 4490 383 4548 Samariae:
407 4498 542 4567 optineres
562 4499 645 4568 cupito
667 4495 819 4565 populerunt
845 4492 1013 4563 inpedientes
1064 4501 1185 4569 capillos.

227 4563 832 4704 1454454555.’4144455444455
844 4561 1011 4690 illlis
1063 4647 1073 4693 t
1099 4570 1266 4695 nalum..
1291 4587 1342 4626 ''⁰''
1365 4572 1464 4642 ‘'lm‘'
1484 4569 1595 4639 W⁶³¹²·’
1621 4570 1767 4641 '¹⁶s'⁰''“·'
1781 4584 1846 4624 '¹⁰¹¹'

264 4657 433 4716 ..i
567 4655 720 4719 ⁸..⁵.
839 4674 847 4696 .
961 4655 1335 4722 grumpace.v
1503 4711 1509 4722 .
1761 4709 1768 4722 .

226 4700 1010 4849 illi‘luditilllldllllnllttitltllllll:
1022 4787 1050 4847 u
1063 4708 1845 4837 uillailliditaltili.,ll'autlllllllillnll

225 4839 353 4898 bartensis
367 4844 401 4899 dc
417 4845 479 4898 llrd.
496 4845 568 4915 bapt.
583 4860 642 4916 cap.
661 4843 764 4900 14444
781 4844 837 4915 ipsa
852 4844 934 4899 verba
947 4853 1010 4901 4444
1062 4852 1182 4907 srrccedit
1197 4854 1222 4905 iu
1239 4851 1304 4906 liar.
1325 4860 1352 4906 el
1370 4851 1434 4906 llat'
1456 4852 1548 4906 titulus
1570 4850 1704 4914 Auaritio,·
1725 4851 1751 4903 in
1776 4850 1845 4904 alno

224 4908 362 4966 Rabanum
379 4917 576 4983 perscripserat.
790 4981 797 4995 .
833 4982 839 4996 ι
1061 4920 1183 4976 Avarities
1195 4933 1219 4977 et
1234 4919 1372 4992 Lnrqitatis
1387 4923 1528 4993 puqno,·in
1540 4921 1599 4975 aliis
1611 4921 1725 4973 44444444
1740 4930 1763 4974 et
1777 4918 1845 4987 Ope·

259 4981 322 5036 ffl-
346 4982 434 5046 Pulli..
454 4987 590 5038 cuncordia
612 4984 725 5037 4444444444.
749 4983 900 5054 4441481441,
924 4986 1008 5041 nobili
1061 4993 1178 5049 rtlll'o.lll
1195 4991 1290 5048 Vlellll.
1306 4992 1641 5046 140414404441144411111444.

223 5055 375 5180 affluenti,A
374 5055 460 5180 4111144..
474 5053 561 5124 lien,
573 5053 650 5119 nor,
663 5053 722 5107 tlat.
736 5052 768 5116 b,
780 5055 884 5120 tarrac·
896 5056 942 5110 alli
954 5066 1009 5109 iur-
1078 5061 1159 5183 1454.
1176 5063 1249 5128 llat,
1264 5062 1392 5118 enunties.
1409 5061 1492 5117 44444
1507 5063 1567 5128 altr,
1582 5060 1700 5124 auertite,
1716 5056 1844 5128 producta

223 5135 240 5186 l’
281 5136 340 5176 441111
406 5141 432 5179 ⁰·
1057 5131 1162 5186 utima.

257 5189 318 5246 445.
334 5193 456 5250 liurtbius
467 5192 494 5248 44
506 5208 556 5249 444
567 5207 617 5247 ms.
629 5192 701 5261 legit.
713 5190 795 5245 salitis
806 5192 923 5263 pedibus.
936 5194 1005 5262 quoti
1093 5201 1155 5259 4544,
1169 5202 1247 5269 biam,
1264 5201 1336 5266 4444,
1352 5202 1441 5269 illem,
1457 5201 1530 5257 4441.
1543 5199 1574 5267 G,
1592 5200 1626 5266 41,
1639 5199 1671 5261 0.
1688 5198 1797 5269 4444444
1817 5197 1844 5250 44

222 5261 346 5338 explicat,
357 5270 501 5319 contractis
520 5262 555 5317 ob
571 5277 678 5317 sensnm
697 5261 807 5326 doloris,
823 5271 850 5316 el
866 5264 1007 5319 conlirmat
1058 5268 1179 5327 ludibrio.
1196 5273 1251 5329 lloc
1266 5273 1381 5326 rolrrissn
1394 5272 1474 5327 credo
1487 5271 1548 5328 444.
1563 5270 1594 5336 C,
1609 5281 1637 5325 et
1649 5271 1769 5325 codicem
1785 5265 1843 5320 Pre-

220 5329 301 5409 5441144
319 5332 432 5387 4404444418
451 5334 476 5388 144
499 5332 599 5400 1444144·
614 5331 767 5414 4544440444
786 5332 1004 5404 441414404141144
1056 5344 1122 5395 catti
1136 5344 1244 5410 pulclrru
1271 5343 1423 5404 illudibria,
1441 5342 1474 5397 de
1489 5356 1540 5408 qua
1560 5355 1626 5395 rore
1643 5340 1755 5407 amplius
1768 5352 1842 5409 qum·

220 5405 317 5462 uttrote,
331 5414 409 5469 quam
424 5417 457 5457 0⁰
472 5403 722 5469 ¹0⁰001plosnuus,
1056 5412 1167 5465 rendum
1183 5413 1310 5468 censebat
1322 5410 1463 5467 Weitzius.
1480 5411 1536 5464 llun
1550 5411 1621 5466 4444.
1637 5410 1669 5474 L,
1681 5419 1707 5463 et
1718 5409 1769 5467 4444.
1785 5404 1842 5476 pul·

254 5465 316 5548 444.
330 5468 467 5525 Lueretius
479 5471 524 5526 lib¹
536 5488 561 5527 ur
571 5471 604 5527 dc
615 5472 656 5525 bis
666 5472 710 5541 qui
725 5482 887 5526 exercentur
899 5472 926 5525 in
941 5487 1001 5527 me·
1055 5478 1282 5537 ultroneumque,
1298 5482 1382 5535 aruns
1393 5497 1451 5534 enin
1466 5482 1537 5545 aliis,
1551 5480 1659 5549 puleium
1670 5478 1703 5533 od
1718 5478 1840 5534 ludibrio.

220 5536 290 5592 444444
299 5540 467 5622 44441444βώ1
479 5542 511 5597 441
521 5542 548 5597 ill
559 5546 624 5611 01444
634 5543 803 5605 damnamur.
814 5542 966 5611 1440444444
975 5545 1003 5597 44
1089 5552 1154 5606 454.
1183 5553 1308 5606 lleiusius
1330 5554 1455 5619 opinatur
1469 5553 1575 5620 ostrique
1601 5550 1686 5621 apen
1711 5558 1841 5615 romeam,

218 5607 263 5661 4441
276 5606 374 5661 44441444
387 5623 424 5662 lits
437 5627 538 5681 4449444.
553 5614 652 5669 Eodem
667 5612 723 5669 14444
737 5611 816 5667 14444110
827 5611 1000 5668 Prudentium
1054 5632 1083 5678 44
1095 5624 1137 5692 aqi
1150 5621 1184 5678 de
1198 5637 1263 5677 auro
1277 5620 1395 5677 ltolltltllll
1408 5632 1529 5679 excocto,
1545 5620 1603 5678 Non
1617 5620 1712 5691 probo,

216 5675 334 5734 locntum
353 5682 472 5748 quonium
490 5685 527 5737 444
546 5686 639 5756 iunior,
655 5695 720 5755 etc,
741 5685 866 5741 observat
880 5680 1000 5739 Giiauius
