<?xml version="1.0" encoding="UTF-8"?>
<!DOCTYPE html PUBLIC "-//W3C//DTD XHTML 1.0 Transitional//EN"
    "http://www.w3.org/TR/xhtml1/DTD/xhtml1-transitional.dtd">
<html xmlns="http://www.w3.org/1999/xhtml" xml:lang="en" lang="en">
 <head>
  <title>
</title>
<meta http-equiv="Content-Type" content="text/html;charset=utf-8" />
  <meta name='ocr-system' content='tesseract 3.04.00' />
  <meta name='ocr-capabilities' content='ocr_page ocr_carea ocr_par ocr_line ocrx_word'/>
</head>
<body>
  <div class='ocr_page' id='page_1' title='image "./patrologiaecurs118unkngoog_0176.png"; bbox 0 0 4150 6192; ppageno 0'>
   <div class='ocr_carea' id='block_1_1' title="bbox 2999 2 4092 136">
    <p class='ocr_par' dir='ltr' id='par_1_1' title="bbox 2982 2 4092 151">
     <span class='ocr_line' id='line_1_1' title="bbox 2999 2 4092 136; baseline 0.009 6.153"><span class='ocrx_word' id='word_1_1' title='bbox 2999 2 4092 136; x_wconf 25' lang='grc' dir='ltr'>ἡ</span> 
     </span>
    </p>
   </div>
   <div class='ocr_carea' id='block_1_2' title="bbox 654 255 3892 359">
    <p class='ocr_par' dir='ltr' id='par_1_2' title="bbox 654 255 3892 359">
     <span class='ocr_line' id='line_1_2' title="bbox 654 255 3892 359; baseline -0.001 -11"><span class='ocrx_word' id='word_1_2' title='bbox 654 286 751 348; x_wconf 62' lang='lat' dir='ltr'>:izi</span> <span class='ocrx_word' id='word_1_3' title='bbox 1742 255 2019 345; x_wconf 65' lang='lat' dir='ltr'>aunam</span> <span class='ocrx_word' id='word_1_4' title='bbox 2062 285 2424 348; x_wconf 67' lang='lat' dir='ltr'>rnunsssrn</span> <span class='ocrx_word' id='word_1_5' title='bbox 2467 290 2801 349; x_wconf 64' lang='lat' dir='ltr'>cantum.</span> <span class='ocrx_word' id='word_1_6' title='bbox 3248 337 3252 340; x_wconf 95' lang='lat'><strong>.</strong></span> <span class='ocrx_word' id='word_1_7' title='bbox 3801 300 3892 359; x_wconf 56' lang='grc' dir='ltr'>ως</span> 
     </span>
    </p>
   </div>
   <div class='ocr_carea' id='block_1_3' title="bbox 964 400 1832 475">
    <p class='ocr_par' dir='ltr' id='par_1_3' title="bbox 964 400 1832 475">
     <span class='ocr_line' id='line_1_3' title="bbox 964 400 1832 475; baseline 0.008 -25"><span class='ocrx_word' id='word_1_8' title='bbox 964 404 1125 475; x_wconf 74' lang='lat'>932</span> <span class='ocrx_word' id='word_1_9' title='bbox 1152 400 1379 458; x_wconf 76' lang='lat' dir='ltr'>Vestalis</span> <span class='ocrx_word' id='word_1_10' title='bbox 1406 400 1566 457; x_wconf 83' lang='lat' dir='ltr'>intrat</span> <span class='ocrx_word' id='word_1_11' title='bbox 1597 400 1832 457; x_wconf 85' lang='lat' dir='ltr'>Claudia.</span> 
     </span>
    </p>
   </div>
   <div class='ocr_carea' id='block_1_4' title="bbox 1929 512 2218 570">
    <p class='ocr_par' dir='ltr' id='par_1_4' title="bbox 1929 512 2218 570">
     <span class='ocr_line' id='line_1_4' title="bbox 1929 512 2218 570; baseline -0.014 0"><span class='ocrx_word' id='word_1_12' title='bbox 1929 512 2218 570; x_wconf 80' lang='lat' dir='ltr'><strong>GLOSSAE</strong></span> 
     </span>
    </p>
   </div>
   <div class='ocr_carea' id='block_1_5' title="bbox 646 601 2222 747">
    <p class='ocr_par' dir='ltr' id='par_1_5' title="bbox 646 601 2222 747">
     <span class='ocr_line' id='line_1_5' title="bbox 719 601 2220 685; baseline -0.006 -20"><span class='ocrx_word' id='word_1_13' title='bbox 719 607 845 667; x_wconf 61' lang='lat'><strong>5⁸28.</strong></span> <span class='ocrx_word' id='word_1_14' title='bbox 874 605 1122 672; x_wconf 80' lang='lat' dir='ltr'>Vestalis,</span> <span class='ocrx_word' id='word_1_15' title='bbox 1171 620 1282 672; x_wconf 82' lang='lat' dir='ltr'>quoe</span> <span class='ocrx_word' id='word_1_16' title='bbox 1308 608 1406 673; x_wconf 76' lang='lat' dir='ltr'>[uit</span> <span class='ocrx_word' id='word_1_17' title='bbox 1429 618 1581 657; x_wconf 79' lang='lat' dir='ltr'>sacra</span> <span class='ocrx_word' id='word_1_18' title='bbox 1608 604 1662 657; x_wconf 76' lang='lat' dir='ltr'>iit</span> <span class='ocrx_word' id='word_1_19' title='bbox 1692 604 1929 659; x_wconf 73' lang='lat' dir='ltr'>vestibus.</span> <span class='ocrx_word' id='word_1_20' title='bbox 1962 634 2031 644; x_wconf 90' lang='lat'><strong>—</strong></span> <span class='ocrx_word' id='word_1_21' title='bbox 2052 601 2220 685; x_wconf 45' lang='lat'>5:³²¹?</span> 
     </span>
     <span class='ocr_line' id='line_1_6' title="bbox 646 672 2222 747; baseline -0.006 -12"><span class='ocrx_word' id='word_1_22' title='bbox 646 680 755 747; x_wconf 81' lang='lat' dir='ltr'>dia,</span> <span class='ocrx_word' id='word_1_23' title='bbox 778 680 916 747; x_wconf 71' lang='lat' dir='ltr'>viryo</span> <span class='ocrx_word' id='word_1_24' title='bbox 956 674 1141 730; x_wconf 80' lang='lat' dir='ltr'>Vestoe.</span> <span class='ocrx_word' id='word_1_25' title='bbox 1174 674 1418 738; x_wconf 69' lang='lat' dir='ltr'>Qaaedam</span> <span class='ocrx_word' id='word_1_26' title='bbox 1441 673 1638 744; x_wconf 72' lang='lat' dir='ltr'>[urnula</span> <span class='ocrx_word' id='word_1_27' title='bbox 1682 672 1848 729; x_wconf 73' lang='lat' dir='ltr'>Vesta:</span> <span class='ocrx_word' id='word_1_28' title='bbox 1872 673 2082 734; x_wconf 72' lang='lat' dir='ltr'>Claudii</span> <span class='ocrx_word' id='word_1_29' title='bbox 2110 674 2222 741; x_wconf 76' lang='lat' dir='ltr'>filia</span> 
     </span>
    </p>
   </div>
   <div class='ocr_carea' id='block_1_6' title="bbox 2239 393 3532 674">
    <p class='ocr_par' dir='ltr' id='par_1_6' title="bbox 2239 393 3532 674">
     <span class='ocr_line' id='line_1_7' title="bbox 2239 393 3532 480; baseline 0.016 -35"><span class='ocrx_word' id='word_1_30' title='bbox 2239 409 2299 463; x_wconf 66' lang='lat' dir='ltr'>A·</span> <span class='ocrx_word' id='word_1_31' title='bbox 2459 446 2462 449; x_wconf 81' lang='grc'>,</span> <span class='ocrx_word' id='word_1_32' title='bbox 2491 403 2650 473; x_wconf 77' lang='grc'>933</span> <span class='ocrx_word' id='word_1_33' title='bbox 2679 403 2723 457; x_wconf 88' lang='lat'>0</span> <span class='ocrx_word' id='word_1_34' title='bbox 2751 412 2852 470; x_wconf 90' lang='lat' dir='ltr'>ter,</span> <span class='ocrx_word' id='word_1_35' title='bbox 2886 412 3203 477; x_wconf 73' lang='lat' dir='ltr'><strong>quaterque,</strong></span> <span class='ocrx_word' id='word_1_36' title='bbox 3229 415 3284 463; x_wconf 91' lang='lat' dir='ltr'>et</span> <span class='ocrx_word' id='word_1_37' title='bbox 3312 393 3532 480; x_wconf 69' lang='lat' dir='ltr'>septies&#39;</span> 
     </span>
     <span class='ocr_line' id='line_1_8' title="bbox 2259 495 2694 566; baseline 0.009 -3"><span class='ocrx_word' id='word_1_38' title='bbox 2259 510 2594 566; x_wconf 69' lang='lat' dir='ltr'>varanes.</span> <span class='ocrx_word' id='word_1_39' title='bbox 2688 495 2694 501; x_wconf 78' lang='grc'><strong>’</strong></span> 
     </span>
     <span class='ocr_line' id='line_1_9' title="bbox 2325 604 2775 674; baseline 0.011 -19"><span class='ocrx_word' id='word_1_40' title='bbox 2325 604 2456 672; x_wconf 60' lang='lat' dir='ltr'>susti·</span> <span class='ocrx_word' id='word_1_41' title='bbox 2485 604 2710 674; x_wconf 65' lang='lat' dir='ltr'>lautitia,</span> <span class='ocrx_word' id='word_1_42' title='bbox 2734 605 2775 660; x_wconf 85' lang='lat' dir='ltr'>i.</span> 
     </span>
    </p>
   </div>
   <div class='ocr_carea' id='block_1_7' title="bbox 1985 759 2558 820">
    <p class='ocr_par' dir='ltr' id='par_1_7' title="bbox 1985 759 2558 820">
     <span class='ocr_line' id='line_1_10' title="bbox 1985 759 2558 820; baseline -0.009 0"><span class='ocrx_word' id='word_1_43' title='bbox 1985 762 2176 820; x_wconf 64' lang='lat' dir='ltr'>coniti</span> <span class='ocrx_word' id='word_1_44' title='bbox 2189 759 2558 817; x_wconf 61' lang='lat' dir='ltr'>temanitis.</span> 
     </span>
    </p>
   </div>
   <div class='ocr_carea' id='block_1_8' title="bbox 620 854 2219 3227">
    <p class='ocr_par' dir='ltr' id='par_1_8' title="bbox 620 854 2219 3227">
     <span class='ocr_line' id='line_1_11' title="bbox 647 854 2219 929; baseline -0.004 -13"><span class='ocrx_word' id='word_1_45' title='bbox 647 862 1134 929; x_wconf 68' lang='lat' dir='ltr'>tiuquuanquam</span> <span class='ocrx_word' id='word_1_46' title='bbox 1173 855 1349 925; x_wconf 82' lang='lat' dir='ltr'>aliquo</span> <span class='ocrx_word' id='word_1_47' title='bbox 1379 863 1533 922; x_wconf 81' lang='lat' dir='ltr'>paeto</span> <span class='ocrx_word' id='word_1_48' title='bbox 1581 855 1795 911; x_wconf 77' lang='lat' dir='ltr'>defendi</span> <span class='ocrx_word' id='word_1_49' title='bbox 1842 866 2042 925; x_wconf 87' lang='lat' dir='ltr'>posset.</span> <span class='ocrx_word' id='word_1_50' title='bbox 2114 854 2219 910; x_wconf 90' lang='lat' dir='ltr'>Pro</span> 
     </span>
     <span class='ocr_line' id='line_1_12' title="bbox 647 925 2215 1007; baseline -0.004 -21"><span class='ocrx_word' id='word_1_51' title='bbox 647 932 836 1002; x_wconf 87' lang='lat' dir='ltr'>quavis</span> <span class='ocrx_word' id='word_1_52' title='bbox 858 929 1059 997; x_wconf 71' lang='lat' dir='ltr'>virgine</span> <span class='ocrx_word' id='word_1_53' title='bbox 1082 928 1269 982; x_wconf 79' lang='lat' dir='ltr'>vestali</span> <span class='ocrx_word' id='word_1_54' title='bbox 1298 926 1533 980; x_wconf 90' lang='lat' dir='ltr'>nominat</span> <span class='ocrx_word' id='word_1_55' title='bbox 1551 925 1848 1006; x_wconf 80' lang='lat' dir='ltr'>Claudiam,</span> <span class='ocrx_word' id='word_1_56' title='bbox 1868 929 1991 995; x_wconf 87' lang='lat' dir='ltr'>quia</span> <span class='ocrx_word' id='word_1_57' title='bbox 2013 925 2215 1007; x_wconf 65' lang='lat' dir='ltr'>familia</span> 
     </span>
     <span class='ocr_line' id='line_1_13' title="bbox 650 995 2219 1076; baseline -0.003 -21"><span class='ocrx_word' id='word_1_58' title='bbox 650 1000 872 1056; x_wconf 85' lang='lat' dir='ltr'>Claudia</span> <span class='ocrx_word' id='word_1_59' title='bbox 897 1005 1013 1051; x_wconf 87' lang='lat' dir='ltr'>erat</span> <span class='ocrx_word' id='word_1_60' title='bbox 1036 995 1388 1061; x_wconf 82' lang='lat' dir='ltr'>nobilissima,</span> <span class='ocrx_word' id='word_1_61' title='bbox 1421 995 1487 1048; x_wconf 90' lang='lat' dir='ltr'>de</span> <span class='ocrx_word' id='word_1_62' title='bbox 1514 1010 1616 1063; x_wconf 81' lang='lat' dir='ltr'>qua</span> <span class='ocrx_word' id='word_1_63' title='bbox 1650 998 1917 1050; x_wconf 72' lang='lat' dir='ltr'>uberrime</span> <span class='ocrx_word' id='word_1_64' title='bbox 1932 1004 2056 1076; x_wconf 35' lang='lat' dir='ltr'>’agit</span> <span class='ocrx_word' id='word_1_65' title='bbox 2083 996 2219 1051; x_wconf 89' lang='lat' dir='ltr'>Sue-</span> 
     </span>
     <span class='ocr_line' id='line_1_14' title="bbox 646 1063 2216 1135; baseline -0.003 -10"><span class='ocrx_word' id='word_1_66' title='bbox 646 1070 827 1126; x_wconf 88' lang='lat' dir='ltr'>tonius</span> <span class='ocrx_word' id='word_1_67' title='bbox 854 1066 1136 1121; x_wconf 89' lang='lat' dir='ltr'>inTiberio</span> <span class='ocrx_word' id='word_1_68' title='bbox 1158 1080 1275 1133; x_wconf 88' lang='lat' dir='ltr'>cap.</span> <span class='ocrx_word' id='word_1_69' title='bbox 1298 1066 1347 1125; x_wconf 80' lang='lat' dir='ltr'>l,</span> <span class='ocrx_word' id='word_1_70' title='bbox 1373 1080 1434 1117; x_wconf 71' lang='lat' dir='ltr'>cx</span> <span class='ocrx_word' id='word_1_71' title='bbox 1459 1080 1559 1133; x_wconf 85' lang='lat' dir='ltr'>qua</span> <span class='ocrx_word' id='word_1_72' title='bbox 1589 1063 1736 1135; x_wconf 81' lang='lat' dir='ltr'>virgo</span> <span class='ocrx_word' id='word_1_73' title='bbox 1760 1065 1976 1118; x_wconf 87' lang='lat' dir='ltr'>vestalis</span> <span class='ocrx_word' id='word_1_74' title='bbox 1998 1067 2216 1120; x_wconf 79' lang='lat' dir='ltr'>tratrem</span> 
     </span>
     <span class='ocr_line' id='line_1_15' title="bbox 646 1136 2212 1217; baseline -0.001 -27"><span class='ocrx_word' id='word_1_75' title='bbox 646 1140 850 1209; x_wconf 66' lang='lat' dir='ltr'>injiism</span> <span class='ocrx_word' id='word_1_76' title='bbox 879 1137 1057 1207; x_wconf 86' lang='lat' dir='ltr'>populi</span> <span class='ocrx_word' id='word_1_77' title='bbox 1082 1136 1517 1200; x_wconf 76' lang='lat' dir='ltr'>triumphantem,</span> <span class='ocrx_word' id='word_1_78' title='bbox 1571 1147 1798 1189; x_wconf 89' lang='lat' dir='ltr'>ascenso</span> <span class='ocrx_word' id='word_1_79' title='bbox 1824 1136 1979 1188; x_wconf 85' lang='lat' dir='ltr'>simul</span> <span class='ocrx_word' id='word_1_80' title='bbox 2028 1149 2212 1217; x_wconf 77' lang='lat' dir='ltr'>curru,</span> 
     </span>
     <span class='ocr_line' id='line_1_16' title="bbox 646 1205 2216 1286; baseline -0.003 -22"><span class='ocrx_word' id='word_1_81' title='bbox 646 1223 816 1278; x_wconf 82' lang='lat' dir='ltr'>usque</span> <span class='ocrx_word' id='word_1_82' title='bbox 843 1208 897 1262; x_wconf 89' lang='lat' dir='ltr'>iu</span> <span class='ocrx_word' id='word_1_83' title='bbox 928 1205 1240 1275; x_wconf 72' lang='lat' dir='ltr'>Capitolium</span> <span class='ocrx_word' id='word_1_84' title='bbox 1262 1213 1541 1270; x_wconf 79' lang='lat' dir='ltr'>prosecuta</span> <span class='ocrx_word' id='word_1_85' title='bbox 1570 1215 1670 1270; x_wconf 82' lang='lat' dir='ltr'>est,</span> <span class='ocrx_word' id='word_1_86' title='bbox 1702 1218 1769 1258; x_wconf 91' lang='lat' dir='ltr'>ne</span> <span class='ocrx_word' id='word_1_87' title='bbox 1805 1215 1988 1260; x_wconf 86' lang='lat' dir='ltr'>vetare</span> <span class='ocrx_word' id='word_1_88' title='bbox 2008 1213 2106 1286; x_wconf 74' lang='lat' dir='ltr'>ant</span> <span class='ocrx_word' id='word_1_89' title='bbox 2132 1220 2216 1259; x_wconf 85' lang='lat' dir='ltr'>in·</span> 
     </span>
     <span class='ocr_line' id='line_1_17' title="bbox 646 1272 2210 1354; baseline -0.001 -21"><span class='ocrx_word' id='word_1_90' title='bbox 646 1277 921 1334; x_wconf 68' lang='lat' dir='ltr'>tercediere</span> <span class='ocrx_word' id='word_1_91' title='bbox 964 1275 1042 1328; x_wconf 80' lang='lat' dir='ltr'>las</span> <span class='ocrx_word' id='word_1_92' title='bbox 1086 1275 1331 1341; x_wconf 80' lang='lat' dir='ltr'>cuiquam</span> <span class='ocrx_word' id='word_1_93' title='bbox 1374 1272 1702 1328; x_wconf 84' lang='lat' dir='ltr'>tribunorum</span> <span class='ocrx_word' id='word_1_94' title='bbox 1749 1288 1911 1328; x_wconf 86' lang='lat' dir='ltr'>esset.</span> <span class='ocrx_word' id='word_1_95' title='bbox 1959 1274 2210 1354; x_wconf 68' lang='lat' dir='ltr'>Eiusdem</span> 
     </span>
     <span class='ocr_line' id='line_1_18' title="bbox 645 1343 2213 1426; baseline -0.003 -24"><span class='ocrx_word' id='word_1_96' title='bbox 645 1348 805 1403; x_wconf 88' lang='lat' dir='ltr'>etiam</span> <span class='ocrx_word' id='word_1_97' title='bbox 827 1344 998 1416; x_wconf 84' lang='lat' dir='ltr'>gentis</span> <span class='ocrx_word' id='word_1_98' title='bbox 1024 1343 1243 1399; x_wconf 64' lang='lat' dir='ltr'>Claudia</span> <span class='ocrx_word' id='word_1_99' title='bbox 1273 1344 1367 1397; x_wconf 89' lang='lat' dir='ltr'>tuit</span> <span class='ocrx_word' id='word_1_100' title='bbox 1395 1359 1513 1413; x_wconf 79' lang='lat' dir='ltr'>quae</span> <span class='ocrx_word' id='word_1_101' title='bbox 1540 1358 1728 1397; x_wconf 82' lang='lat' dir='ltr'>navem</span> <span class='ocrx_word' id='word_1_102' title='bbox 1757 1357 1876 1398; x_wconf 91' lang='lat' dir='ltr'>cum</span> <span class='ocrx_word' id='word_1_103' title='bbox 1908 1358 2076 1398; x_wconf 86' lang='lat' dir='ltr'>sacris</span> <span class='ocrx_word' id='word_1_104' title='bbox 2108 1359 2213 1426; x_wconf 82' lang='lat' dir='ltr'>ma·</span> 
     </span>
     <span class='ocr_line' id='line_1_19' title="bbox 646 1412 2210 1497; baseline -0.003 -26"><span class='ocrx_word' id='word_1_105' title='bbox 646 1418 742 1471; x_wconf 86' lang='lat' dir='ltr'>tris</span> <span class='ocrx_word' id='word_1_106' title='bbox 768 1415 925 1472; x_wconf 89' lang='lat' dir='ltr'>deum</span> <span class='ocrx_word' id='word_1_107' title='bbox 953 1415 1067 1469; x_wconf 85' lang='lat' dir='ltr'>deae</span> <span class='ocrx_word' id='word_1_108' title='bbox 1109 1414 1467 1467; x_wconf 69' lang='lat' dir='ltr'>obhaerentem</span> <span class='ocrx_word' id='word_1_109' title='bbox 1499 1412 1749 1467; x_wconf 80' lang='lat' dir='ltr'>Tiberino</span> <span class='ocrx_word' id='word_1_110' title='bbox 1787 1414 1921 1468; x_wconf 87' lang='lat' dir='ltr'>vado</span> <span class='ocrx_word' id='word_1_111' title='bbox 1955 1424 2210 1497; x_wconf 70' lang='lat' dir='ltr'>extraxit,</span> 
     </span>
     <span class='ocr_line' id='line_1_20' title="bbox 643 1484 2211 1563; baseline -0.002 -23"><span class='ocrx_word' id='word_1_112' title='bbox 643 1495 856 1556; x_wconf 86' lang='lat' dir='ltr'>precata</span> <span class='ocrx_word' id='word_1_113' title='bbox 885 1484 1178 1555; x_wconf 79' lang='lat' dir='ltr'>propalam,</span> <span class='ocrx_word' id='word_1_114' title='bbox 1212 1494 1263 1535; x_wconf 79' lang='lat' dir='ltr'>ut</span> <span class='ocrx_word' id='word_1_115' title='bbox 1292 1484 1363 1535; x_wconf 82' lang='lat' dir='ltr'>ita</span> <span class='ocrx_word' id='word_1_116' title='bbox 1390 1484 1592 1536; x_wconf 84' lang='lat' dir='ltr'>demum</span> <span class='ocrx_word' id='word_1_117' title='bbox 1619 1499 1673 1536; x_wconf 84' lang='lat' dir='ltr'>se</span> <span class='ocrx_word' id='word_1_118' title='bbox 1693 1492 2003 1550; x_wconf 77' lang='lat' dir='ltr'>sequeretur,</span> <span class='ocrx_word' id='word_1_119' title='bbox 2047 1498 2091 1537; x_wconf 78' lang='lat' dir='ltr'>st</span> <span class='ocrx_word' id='word_1_120' title='bbox 2113 1485 2211 1563; x_wconf 70' lang='lat' dir='ltr'>sthi</span> 
     </span>
     <span class='ocr_line' id='line_1_21' title="bbox 642 1552 2201 1624; baseline -0.001 -14"><span class='ocrx_word' id='word_1_121' title='bbox 642 1557 885 1624; x_wconf 76' lang='lat' dir='ltr'>pudicitia</span> <span class='ocrx_word' id='word_1_122' title='bbox 924 1562 1196 1608; x_wconf 75' lang='lat' dir='ltr'>constaret.</span> <span class='ocrx_word' id='word_1_123' title='bbox 1238 1552 1662 1607; x_wconf 82' lang='lat' dir='ltr'>Muiitsauconius</span> <span class='ocrx_word' id='word_1_124' title='bbox 1701 1552 1754 1606; x_wconf 89' lang='lat' dir='ltr'>in</span> <span class='ocrx_word' id='word_1_125' title='bbox 1783 1553 1962 1622; x_wconf 80' lang='lat' dir='ltr'>Antiq.</span> <span class='ocrx_word' id='word_1_126' title='bbox 1996 1553 2201 1622; x_wconf 83' lang='lat' dir='ltr'>Explic.</span> 
     </span>
     <span class='ocr_line' id='line_1_22' title="bbox 643 1622 2203 1704; baseline 0 -26"><span class='ocrx_word' id='word_1_127' title='bbox 643 1634 775 1680; x_wconf 88' lang='lat' dir='ltr'>tom.</span> <span class='ocrx_word' id='word_1_128' title='bbox 806 1625 848 1691; x_wconf 87' lang='lat' dir='ltr'>t,</span> <span class='ocrx_word' id='word_1_129' title='bbox 883 1623 974 1679; x_wconf 88' lang='lat' dir='ltr'>lib.</span> <span class='ocrx_word' id='word_1_130' title='bbox 1008 1638 1065 1687; x_wconf 88' lang='grc' dir='ltr'>ιι,</span> <span class='ocrx_word' id='word_1_131' title='bbox 1096 1623 1351 1690; x_wconf 77' lang='lat' dir='ltr'>imagines</span> <span class='ocrx_word' id='word_1_132' title='bbox 1380 1622 1597 1677; x_wconf 76' lang='lat' dir='ltr'>exbibet</span> <span class='ocrx_word' id='word_1_133' title='bbox 1633 1623 1884 1687; x_wconf 78' lang='lat' dir='ltr'>Belliciae,</span> <span class='ocrx_word' id='word_1_134' title='bbox 1933 1622 2203 1704; x_wconf 74' lang='lat' dir='ltr'>Modestae,</span> 
     </span>
     <span class='ocr_line' id='line_1_23' title="bbox 640 1691 2207 1758; baseline 0.001 -9"><span class='ocrx_word' id='word_1_135' title='bbox 640 1693 890 1758; x_wconf 64' lang='lat' dir='ltr'>Neratiae,</span> <span class='ocrx_word' id='word_1_136' title='bbox 938 1703 992 1748; x_wconf 91' lang='lat' dir='ltr'>et</span> <span class='ocrx_word' id='word_1_137' title='bbox 1020 1693 1227 1747; x_wconf 68' lang='lat' dir='ltr'>Tuccia:</span> <span class='ocrx_word' id='word_1_138' title='bbox 1272 1692 1571 1747; x_wconf 79' lang='lat' dir='ltr'>vestalium.</span> <span class='ocrx_word' id='word_1_139' title='bbox 1617 1691 1692 1748; x_wconf 89' lang='lat' dir='ltr'>De</span> <span class='ocrx_word' id='word_1_140' title='bbox 1736 1691 1929 1747; x_wconf 81' lang='lat' dir='ltr'>Tuccia</span> <span class='ocrx_word' id='word_1_141' title='bbox 1963 1692 2207 1750; x_wconf 80' lang='lat' dir='ltr'>Valerius</span> 
     </span>
     <span class='ocr_line' id='line_1_24' title="bbox 640 1761 2208 1834; baseline 0 -17"><span class='ocrx_word' id='word_1_142' title='bbox 640 1764 778 1818; x_wconf 84' lang='lat' dir='ltr'>Max.</span> <span class='ocrx_word' id='word_1_143' title='bbox 811 1765 902 1818; x_wconf 89' lang='lat' dir='ltr'>lib.</span> <span class='ocrx_word' id='word_1_144' title='bbox 933 1777 1048 1825; x_wconf 87' lang='lat' dir='ltr'>vni,</span> <span class='ocrx_word' id='word_1_145' title='bbox 1074 1777 1195 1830; x_wconf 86' lang='lat' dir='ltr'>cap.</span> <span class='ocrx_word' id='word_1_146' title='bbox 1215 1762 1266 1813; x_wconf 70' lang='lat'>9..</span> <span class='ocrx_word' id='word_1_147' title='bbox 1294 1761 1505 1834; x_wconf 79' lang='lat' dir='ltr'>Lipsius</span> <span class='ocrx_word' id='word_1_148' title='bbox 1533 1776 1563 1816; x_wconf 90' lang='lat' dir='ltr'>e</span> <span class='ocrx_word' id='word_1_149' title='bbox 1593 1763 1861 1818; x_wconf 89' lang='lat' dir='ltr'>memoriis</span> <span class='ocrx_word' id='word_1_150' title='bbox 1886 1762 2077 1833; x_wconf 73' lang='lat' dir='ltr'>priscis</span> <span class='ocrx_word' id='word_1_151' title='bbox 2102 1763 2208 1831; x_wconf 83' lang='lat' dir='ltr'>plu·</span> 
     </span>
     <span class='ocr_line' id='line_1_25' title="bbox 641 1830 2203 1913; baseline 0.003 -27"><span class='ocrx_word' id='word_1_152' title='bbox 641 1848 730 1888; x_wconf 86' lang='lat' dir='ltr'>res</span> <span class='ocrx_word' id='word_1_153' title='bbox 751 1832 1122 1902; x_wconf 68' lang='lat' dir='ltr'>inscriptiones</span> <span class='ocrx_word' id='word_1_154' title='bbox 1148 1836 1216 1885; x_wconf 83' lang='lat' dir='ltr'>de</span> <span class='ocrx_word' id='word_1_155' title='bbox 1242 1830 1530 1885; x_wconf 73' lang='lat' dir='ltr'>vestalibus</span> <span class='ocrx_word' id='word_1_156' title='bbox 1557 1833 1609 1885; x_wconf 90' lang='lat' dir='ltr'>in</span> <span class='ocrx_word' id='word_1_157' title='bbox 1633 1833 1911 1903; x_wconf 76' lang='lat' dir='ltr'><strong>syntagm.</strong></span> <span class='ocrx_word' id='word_1_158' title='bbox 1958 1833 2027 1887; x_wconf 90' lang='lat' dir='ltr'>de</span> <span class='ocrx_word' id='word_1_159' title='bbox 2056 1833 2203 1913; x_wconf 75' lang='lat' dir='ltr'>vest.</span> 
     </span>
     <span class='ocr_line' id='line_1_26' title="bbox 639 1902 2202 1984; baseline 0.001 -28"><span class='ocrx_word' id='word_1_160' title='bbox 639 1903 913 1958; x_wconf 63' lang='lat' dir='ltr'>ensi-ribii.</span> <span class='ocrx_word' id='word_1_161' title='bbox 943 1905 1023 1956; x_wconf 71' lang='lat' dir='ltr'>Ex</span> <span class='ocrx_word' id='word_1_162' title='bbox 1053 1902 1153 1955; x_wconf 86' lang='lat' dir='ltr'>lioc</span> <span class='ocrx_word' id='word_1_163' title='bbox 1180 1902 1298 1954; x_wconf 90' lang='lat' dir='ltr'>luco</span> <span class='ocrx_word' id='word_1_164' title='bbox 1324 1902 1542 1969; x_wconf 76' lang='lat' dir='ltr'>conJicit</span> <span class='ocrx_word' id='word_1_165' title='bbox 1574 1902 1835 1955; x_wconf 80' lang='lat' dir='ltr'>Victorius</span> <span class='ocrx_word' id='word_1_166' title='bbox 1858 1902 2202 1984; x_wconf 79' lang='lat' dir='ltr'>Prudentium</span> 
     </span>
     <span class='ocr_line' id='line_1_27' title="bbox 635 1969 2201 2054; baseline 0.001 -28"><span class='ocrx_word' id='word_1_167' title='bbox 635 1973 784 2041; x_wconf 77' lang='lat' dir='ltr'>ioqui</span> <span class='ocrx_word' id='word_1_168' title='bbox 818 1976 885 2026; x_wconf 89' lang='lat' dir='ltr'>de</span> <span class='ocrx_word' id='word_1_169' title='bbox 932 1972 1045 2027; x_wconf 78' lang='lat' dir='ltr'>ade</span> <span class='ocrx_word' id='word_1_170' title='bbox 1082 1969 1139 2024; x_wconf 89' lang='lat' dir='ltr'>S.</span> <span class='ocrx_word' id='word_1_171' title='bbox 1172 1970 1441 2024; x_wconf 82' lang='lat' dir='ltr'>Laurentii</span> <span class='ocrx_word' id='word_1_172' title='bbox 1484 1981 1785 2039; x_wconf 82' lang='lat' dir='ltr'>nuncupata</span> <span class='ocrx_word' id='word_1_173' title='bbox 1832 1970 1983 2026; x_wconf 79' lang='lat' dir='ltr'>Palis</span> <span class='ocrx_word' id='word_1_174' title='bbox 2011 1988 2201 2054; x_wconf 61' lang='lat' dir='ltr'>pernae,</span> 
     </span>
     <span class='ocr_line' id='line_1_28' title="bbox 638 2041 2205 2124; baseline 0.001 -29"><span class='ocrx_word' id='word_1_175' title='bbox 638 2056 735 2097; x_wconf 89' lang='lat' dir='ltr'>seu</span> <span class='ocrx_word' id='word_1_176' title='bbox 783 2041 944 2095; x_wconf 72' lang='lat' dir='ltr'>Panis</span> <span class='ocrx_word' id='word_1_177' title='bbox 971 2055 1175 2110; x_wconf 70' lang='lat' dir='ltr'>pet-nte,</span> <span class='ocrx_word' id='word_1_178' title='bbox 1228 2055 1347 2110; x_wconf 75' lang='lat' dir='ltr'>quae</span> <span class='ocrx_word' id='word_1_179' title='bbox 1392 2055 1423 2093; x_wconf 89' lang='lat' dir='ltr'>a</span> <span class='ocrx_word' id='word_1_180' title='bbox 1470 2042 1791 2096; x_wconf 71' lang='lat' dir='ltr'>monialibus</span> <span class='ocrx_word' id='word_1_181' title='bbox 1838 2042 2205 2124; x_wconf 77' lang='lat' dir='ltr'>Franciscanis</span> 
     </span>
     <span class='ocr_line' id='line_1_29' title="bbox 640 2110 2199 2181; baseline 0 -16"><span class='ocrx_word' id='word_1_182' title='bbox 640 2127 782 2166; x_wconf 86' lang='lat' dir='ltr'>nunc</span> <span class='ocrx_word' id='word_1_183' title='bbox 813 2120 1042 2167; x_wconf 87' lang='lat' dir='ltr'>tenetur.</span> <span class='ocrx_word' id='word_1_184' title='bbox 1076 2110 1265 2164; x_wconf 81' lang='lat' dir='ltr'>Vei-uin</span> <span class='ocrx_word' id='word_1_185' title='bbox 1297 2111 1410 2165; x_wconf 75' lang='lat' dir='ltr'>lnce</span> <span class='ocrx_word' id='word_1_186' title='bbox 1453 2112 1589 2166; x_wconf 89' lang='lat' dir='ltr'>ratio</span> <span class='ocrx_word' id='word_1_187' title='bbox 1631 2111 1805 2181; x_wconf 76' lang='lat' dir='ltr'>exigui</span> <span class='ocrx_word' id='word_1_188' title='bbox 1845 2113 2055 2168; x_wconf 87' lang='lat' dir='ltr'>roboris</span> <span class='ocrx_word' id='word_1_189' title='bbox 2080 2126 2199 2166; x_wconf 87' lang='lat' dir='ltr'>esi:</span> 
     </span>
     <span class='ocr_line' id='line_1_30' title="bbox 640 2179 2201 2251; baseline 0 -17"><span class='ocrx_word' id='word_1_190' title='bbox 640 2197 762 2235; x_wconf 91' lang='lat' dir='ltr'>nain</span> <span class='ocrx_word' id='word_1_191' title='bbox 812 2184 951 2251; x_wconf 88' lang='lat' dir='ltr'>quod</span> <span class='ocrx_word' id='word_1_192' title='bbox 1000 2187 1229 2234; x_wconf 78' lang='lat' dir='ltr'>vestales</span> <span class='ocrx_word' id='word_1_193' title='bbox 1269 2179 1436 2234; x_wconf 81' lang='lat' dir='ltr'>aedem</span> <span class='ocrx_word' id='word_1_194' title='bbox 1467 2179 1527 2236; x_wconf 91' lang='lat' dir='ltr'>S.</span> <span class='ocrx_word' id='word_1_195' title='bbox 1554 2181 1823 2237; x_wconf 79' lang='lat' dir='ltr'>Laurentii</span> <span class='ocrx_word' id='word_1_196' title='bbox 1853 2184 2201 2251; x_wconf 76' lang='lat' dir='ltr'>ingrederen-</span> 
     </span>
     <span class='ocr_line' id='line_1_31' title="bbox 640 2252 2204 2327; baseline 0.002 -23"><span class='ocrx_word' id='word_1_197' title='bbox 640 2260 746 2316; x_wconf 90' lang='lat' dir='ltr'>tur,</span> <span class='ocrx_word' id='word_1_198' title='bbox 792 2252 979 2319; x_wconf 89' lang='lat' dir='ltr'>probat</span> <span class='ocrx_word' id='word_1_199' title='bbox 1018 2266 1111 2304; x_wconf 86' lang='lat' dir='ltr'>eas</span> <span class='ocrx_word' id='word_1_200' title='bbox 1135 2265 1199 2303; x_wconf 84' lang='lat' dir='ltr'>ex</span> <span class='ocrx_word' id='word_1_201' title='bbox 1221 2252 1514 2305; x_wconf 73' lang='lat' dir='ltr'>vestalibus</span> <span class='ocrx_word' id='word_1_202' title='bbox 1554 2253 1721 2327; x_wconf 71' lang='lat' dir='ltr'>iactas</span> <span class='ocrx_word' id='word_1_203' title='bbox 1755 2253 2102 2319; x_wconf 67' lang='lat' dir='ltr'>Christianus,</span> <span class='ocrx_word' id='word_1_204' title='bbox 2146 2261 2204 2307; x_wconf 91' lang='lat' dir='ltr'>ut</span> 
     </span>
     <span class='ocr_line' id='line_1_32' title="bbox 636 2320 2207 2390; baseline 0.004 -17"><span class='ocrx_word' id='word_1_205' title='bbox 636 2329 791 2375; x_wconf 85' lang='lat' dir='ltr'>antea</span> <span class='ocrx_word' id='word_1_206' title='bbox 820 2322 892 2374; x_wconf 88' lang='lat' dir='ltr'>ait</span> <span class='ocrx_word' id='word_1_207' title='bbox 921 2320 1262 2383; x_wconf 69' lang='lat' dir='ltr'>Prudentius,</span> <span class='ocrx_word' id='word_1_208' title='bbox 1307 2329 1583 2375; x_wconf 80' lang='lat' dir='ltr'>senatores</span> <span class='ocrx_word' id='word_1_209' title='bbox 1621 2322 1889 2390; x_wconf 84' lang='lat' dir='ltr'>quondam</span> <span class='ocrx_word' id='word_1_210' title='bbox 1925 2321 2207 2390; x_wconf 68' lang='lat' dir='ltr'>Lupercus</span> 
     </span>
     <span class='ocr_line' id='line_1_33' title="bbox 635 2389 2198 2458; baseline 0.003 -16"><span class='ocrx_word' id='word_1_211' title='bbox 635 2397 726 2442; x_wconf 88' lang='lat' dir='ltr'>aut</span> <span class='ocrx_word' id='word_1_212' title='bbox 756 2391 1018 2455; x_wconf 83' lang='lat' dir='ltr'>flamines,</span> <span class='ocrx_word' id='word_1_213' title='bbox 1045 2390 1338 2447; x_wconf 78' lang='lat' dir='ltr'>exosculari</span> <span class='ocrx_word' id='word_1_214' title='bbox 1364 2389 1542 2442; x_wconf 87' lang='lat' dir='ltr'>limina</span> <span class='ocrx_word' id='word_1_215' title='bbox 1569 2391 1953 2458; x_wconf 86' lang='lat' dir='ltr'>apostulorum.</span> <span class='ocrx_word' id='word_1_216' title='bbox 1985 2392 2198 2447; x_wconf 81' lang='lat' dir='ltr'>Nullum</span> 
     </span>
     <span class='ocr_line' id='line_1_34' title="bbox 636 2459 2200 2530; baseline 0.004 -19"><span class='ocrx_word' id='word_1_217' title='bbox 636 2468 810 2514; x_wconf 88' lang='lat' dir='ltr'>antem</span> <span class='ocrx_word' id='word_1_218' title='bbox 856 2461 937 2513; x_wconf 89' lang='lat' dir='ltr'>vel</span> <span class='ocrx_word' id='word_1_219' title='bbox 979 2459 1307 2513; x_wconf 78' lang='lat' dir='ltr'>levissimum</span> <span class='ocrx_word' id='word_1_220' title='bbox 1338 2469 1707 2529; x_wconf 77' lang='lat' dir='ltr'>argumentum</span> <span class='ocrx_word' id='word_1_221' title='bbox 1746 2462 1943 2530; x_wconf 89' lang='lat' dir='ltr'>petitur</span> <span class='ocrx_word' id='word_1_222' title='bbox 1980 2476 2049 2517; x_wconf 79' lang='lat' dir='ltr'>ex</span> <span class='ocrx_word' id='word_1_223' title='bbox 2101 2463 2200 2518; x_wconf 83' lang='lat' dir='ltr'>lioc</span> 
     </span>
     <span class='ocr_line' id='line_1_35' title="bbox 630 2527 2199 2611; baseline 0.004 -30"><span class='ocrx_word' id='word_1_224' title='bbox 630 2542 811 2597; x_wconf 76' lang='lat' dir='ltr'>versu,</span> <span class='ocrx_word' id='word_1_225' title='bbox 846 2527 1063 2583; x_wconf 74' lang='lat' dir='ltr'>Vestalis</span> <span class='ocrx_word' id='word_1_226' title='bbox 1090 2528 1244 2580; x_wconf 74' lang='lat' dir='ltr'>intrat</span> <span class='ocrx_word' id='word_1_227' title='bbox 1265 2527 1503 2593; x_wconf 74' lang='lat' dir='ltr'>Claudia,</span> <span class='ocrx_word' id='word_1_228' title='bbox 1531 2529 1639 2599; x_wconf 82' lang='lat' dir='ltr'>jam</span> <span class='ocrx_word' id='word_1_229' title='bbox 1664 2540 1903 2600; x_wconf 86' lang='lat' dir='ltr'>tempore</span> <span class='ocrx_word' id='word_1_230' title='bbox 1922 2530 2199 2611; x_wconf 75' lang='lat' dir='ltr'>Prudentii</span> 
     </span>
     <span class='ocr_line' id='line_1_36' title="bbox 629 2599 2200 2656; baseline 0.002 -4"><span class='ocrx_word' id='word_1_231' title='bbox 629 2613 750 2652; x_wconf 80' lang='lat' dir='ltr'>eam</span> <span class='ocrx_word' id='word_1_232' title='bbox 774 2602 1050 2653; x_wconf 79' lang='lat' dir='ltr'>ecclesiam</span> <span class='ocrx_word' id='word_1_233' title='bbox 1079 2612 1339 2651; x_wconf 75' lang='lat' dir='ltr'>annexam</span> <span class='ocrx_word' id='word_1_234' title='bbox 1368 2599 1530 2653; x_wconf 78' lang='lat' dir='ltr'>fuisse</span> <span class='ocrx_word' id='word_1_235' title='bbox 1559 2600 1884 2654; x_wconf 85' lang='lat' dir='ltr'>monasteiio</span> <span class='ocrx_word' id='word_1_236' title='bbox 1912 2610 2200 2656; x_wconf 86' lang='lat' dir='ltr'>sanctimo-</span> 
     </span>
     <span class='ocr_line' id='line_1_37' title="bbox 634 2666 2194 2737; baseline 0.004 -17"><span class='ocrx_word' id='word_1_237' title='bbox 634 2669 872 2722; x_wconf 85' lang='lat' dir='ltr'>nialium.</span> <span class='ocrx_word' id='word_1_238' title='bbox 902 2668 1126 2723; x_wconf 75' lang='lat' dir='ltr'>Gravior</span> <span class='ocrx_word' id='word_1_239' title='bbox 1154 2666 1460 2736; x_wconf 86' lang='lat' dir='ltr'>conjectura</span> <span class='ocrx_word' id='word_1_240' title='bbox 1504 2684 1600 2737; x_wconf 89' lang='lat' dir='ltr'>pro</span> <span class='ocrx_word' id='word_1_241' title='bbox 1622 2670 1741 2724; x_wconf 77' lang='lat' dir='ltr'>oede</span> <span class='ocrx_word' id='word_1_242' title='bbox 1768 2674 1823 2724; x_wconf 77' lang='lat' dir='ltr'>S.</span> <span class='ocrx_word' id='word_1_243' title='bbox 1849 2670 2116 2726; x_wconf 83' lang='lat' dir='ltr'>Laurentii</span> <span class='ocrx_word' id='word_1_244' title='bbox 2143 2676 2194 2726; x_wconf 88' lang='lat' dir='ltr'>in</span> 
     </span>
     <span class='ocr_line' id='line_1_38' title="bbox 633 2737 2194 2811; baseline 0.003 -20"><span class='ocrx_word' id='word_1_245' title='bbox 633 2737 938 2807; x_wconf 83' lang='lat' dir='ltr'>Palisperna</span> <span class='ocrx_word' id='word_1_246' title='bbox 969 2739 1088 2792; x_wconf 88' lang='lat' dir='ltr'>duci</span> <span class='ocrx_word' id='word_1_247' title='bbox 1128 2750 1302 2806; x_wconf 72' lang='lat' dir='ltr'>potest</span> <span class='ocrx_word' id='word_1_248' title='bbox 1350 2752 1415 2791; x_wconf 80' lang='lat' dir='ltr'>ex</span> <span class='ocrx_word' id='word_1_249' title='bbox 1459 2740 1842 2794; x_wconf 83' lang='lat' dir='ltr'>consuetudine</span> <span class='ocrx_word' id='word_1_250' title='bbox 1868 2741 2041 2796; x_wconf 80' lang='lat' dir='ltr'>adbuc</span> <span class='ocrx_word' id='word_1_251' title='bbox 2071 2756 2194 2811; x_wconf 90' lang='lat' dir='ltr'>per·</span> 
     </span>
     <span class='ocr_line' id='line_1_39' title="bbox 630 2807 2198 2881; baseline 0.004 -22"><span class='ocrx_word' id='word_1_252' title='bbox 630 2819 905 2875; x_wconf 85' lang='lat' dir='ltr'>manente,</span> <span class='ocrx_word' id='word_1_253' title='bbox 950 2810 1089 2877; x_wconf 88' lang='lat' dir='ltr'>quod</span> <span class='ocrx_word' id='word_1_254' title='bbox 1143 2809 1319 2877; x_wconf 86' lang='lat' dir='ltr'>pupuli</span> <span class='ocrx_word' id='word_1_255' title='bbox 1368 2807 1593 2862; x_wconf 82' lang='lat' dir='ltr'>R›mani</span> <span class='ocrx_word' id='word_1_256' title='bbox 1624 2812 2042 2866; x_wconf 75' lang='lat' dir='ltr'>Conservatores</span> <span class='ocrx_word' id='word_1_257' title='bbox 2064 2827 2198 2881; x_wconf 86' lang='lat' dir='ltr'>quo·</span> 
     </span>
     <span class='ocr_line' id='line_1_40' title="bbox 628 2880 2199 2961; baseline 0.004 -33"><span class='ocrx_word' id='word_1_258' title='bbox 628 2881 802 2931; x_wconf 78' lang='lat' dir='ltr'>tannis</span> <span class='ocrx_word' id='word_1_259' title='bbox 831 2880 888 2933; x_wconf 86' lang='lat' dir='ltr'>S.</span> <span class='ocrx_word' id='word_1_260' title='bbox 919 2880 1203 2933; x_wconf 81' lang='lat' dir='ltr'>Laurentio</span> <span class='ocrx_word' id='word_1_261' title='bbox 1230 2880 1296 2931; x_wconf 84' lang='lat' dir='ltr'>ad</span> <span class='ocrx_word' id='word_1_262' title='bbox 1322 2881 1440 2946; x_wconf 76' lang='lat' dir='ltr'>ejus</span> <span class='ocrx_word' id='word_1_263' title='bbox 1461 2882 1630 2934; x_wconf 72' lang='lat' dir='ltr'>tndem</span> <span class='ocrx_word' id='word_1_264' title='bbox 1660 2880 1986 2948; x_wconf 76' lang='lat' dir='ltr'>Palispernae</span> <span class='ocrx_word' id='word_1_265' title='bbox 2005 2896 2199 2961; x_wconf 76' lang='lat' dir='ltr'>argen-</span> 
     </span>
     <span class='ocr_line' id='line_1_41' title="bbox 630 2952 2197 3016; baseline 0.005 -19"><span class='ocrx_word' id='word_1_266' title='bbox 630 2956 770 2998; x_wconf 86' lang='lat' dir='ltr'>teum</span> <span class='ocrx_word' id='word_1_267' title='bbox 824 2952 1042 3000; x_wconf 79' lang='lat' dir='ltr'>calicem</span> <span class='ocrx_word' id='word_1_268' title='bbox 1092 2956 1148 3000; x_wconf 87' lang='lat' dir='ltr'>et</span> <span class='ocrx_word' id='word_1_269' title='bbox 1199 2960 1441 3014; x_wconf 84' lang='lat' dir='ltr'>patenam</span> <span class='ocrx_word' id='word_1_270' title='bbox 1490 2958 1794 3016; x_wconf 81' lang='lat' dir='ltr'>argenteam</span> <span class='ocrx_word' id='word_1_271' title='bbox 1848 2965 1970 3004; x_wconf 89' lang='lat' dir='ltr'>cuin</span> <span class='ocrx_word' id='word_1_272' title='bbox 2023 2965 2197 3005; x_wconf 80' lang='lat' dir='ltr'>cereis</span> 
     </span>
     <span class='ocr_line' id='line_1_42' title="bbox 620 3008 2193 3085; baseline 0.003 -18"><span class='ocrx_word' id='word_1_273' title='bbox 620 3014 890 3068; x_wconf 70' lang='lat' dir='ltr'>{iiiialibus</span> <span class='ocrx_word' id='word_1_274' title='bbox 910 3008 1135 3084; x_wconf 58' lang='lat' dir='ltr'>quarum</span> <span class='ocrx_word' id='word_1_275' title='bbox 1162 3019 1407 3070; x_wconf 75' lang='lat' dir='ltr'>offerunt.</span> <span class='ocrx_word' id='word_1_276' title='bbox 1435 3016 1643 3072; x_wconf 85' lang='lat' dir='ltr'>Oblatiu</span> <span class='ocrx_word' id='word_1_277' title='bbox 1666 3020 1808 3073; x_wconf 86' lang='lat' dir='ltr'>cerei</span> <span class='ocrx_word' id='word_1_278' title='bbox 1847 3020 1912 3073; x_wconf 83' lang='lat' dir='ltr'>ad</span> <span class='ocrx_word' id='word_1_279' title='bbox 1937 3019 2111 3085; x_wconf 80' lang='lat' dir='ltr'>altare</span> <span class='ocrx_word' id='word_1_280' title='bbox 2135 3023 2193 3076; x_wconf 87' lang='lat' dir='ltr'>S.</span> 
     </span>
     <span class='ocr_line' id='line_1_43' title="bbox 625 3082 2195 3154; baseline 0.005 -17"><span class='ocrx_word' id='word_1_281' title='bbox 625 3082 894 3137; x_wconf 77' lang='lat' dir='ltr'>Laurentii</span> <span class='ocrx_word' id='word_1_282' title='bbox 925 3087 1237 3153; x_wconf 83' lang='lat' dir='ltr'>exprimiiur</span> <span class='ocrx_word' id='word_1_283' title='bbox 1279 3087 1330 3139; x_wconf 91' lang='lat' dir='ltr'>iii</span> <span class='ocrx_word' id='word_1_284' title='bbox 1371 3088 1587 3154; x_wconf 79' lang='lat' dir='ltr'>antiqua</span> <span class='ocrx_word' id='word_1_285' title='bbox 1632 3088 1849 3144; x_wconf 82' lang='lat' dir='ltr'>Victorii</span> <span class='ocrx_word' id='word_1_286' title='bbox 1902 3089 2100 3144; x_wconf 81' lang='lat' dir='ltr'>lamina</span> <span class='ocrx_word' id='word_1_287' title='bbox 2129 3104 2195 3145; x_wconf 81' lang='lat' dir='ltr'>ex</span> 
     </span>
     <span class='ocr_line' id='line_1_44' title="bbox 623 3151 1597 3227; baseline 0.007 -24"><span class='ocrx_word' id='word_1_288' title='bbox 623 3151 862 3219; x_wconf 72' lang='lat' dir='ltr'>plumbo,</span> <span class='ocrx_word' id='word_1_289' title='bbox 890 3158 1042 3224; x_wconf 87' lang='lat' dir='ltr'>cnjus</span> <span class='ocrx_word' id='word_1_290' title='bbox 1066 3156 1163 3209; x_wconf 83' lang='lat' dir='ltr'>boc</span> <span class='ocrx_word' id='word_1_291' title='bbox 1192 3164 1275 3211; x_wconf 88' lang='lat' dir='ltr'>est</span> <span class='ocrx_word' id='word_1_292' title='bbox 1301 3166 1549 3227; x_wconf 83' lang='lat' dir='ltr'>ectypum</span> <span class='ocrx_word' id='word_1_293' title='bbox 1581 3173 1597 3210; x_wconf 75' lang='grc' dir='ltr'><strong>ε</strong></span> 
     </span>
    </p>
   </div>
   <div class='ocr_carea' id='block_1_9' title="bbox 691 3828 2034 4582">
    <p class='ocr_par' dir='ltr' id='par_1_9' title="bbox 691 3828 2034 4582">
     <span class='ocr_line' id='line_1_45' title="bbox 691 3828 757 4582; textangle 90"><span class='ocrx_word' id='word_1_294' title='bbox 691 4341 751 4582; x_wconf 59' lang='lat' dir='ltr'>maetam</span> <span class='ocrx_word' id='word_1_295' title='bbox 697 4128 753 4302; x_wconf 63' lang='lat' dir='ltr'>aaran</span> <span class='ocrx_word' id='word_1_296' title='bbox 699 4035 739 4099; x_wconf 76' lang='lat' dir='ltr'>:ca</span> <span class='ocrx_word' id='word_1_297' title='bbox 691 3828 757 4008; x_wconf 54' lang='lat' dir='ltr'>mitten</span> 
     </span>
     <span class='ocr_line' id='line_1_46' title="bbox 1972 4031 2034 4511; textangle 90"><span class='ocrx_word' id='word_1_298' title='bbox 1972 4257 2006 4511; x_wconf 50' lang='lat' dir='ltr'>&#39;wilwimus</span> <span class='ocrx_word' id='word_1_299' title='bbox 1972 4031 2034 4235; x_wconf 54' lang='lat' dir='ltr'>&#39;tqtm&#39;qd</span> 
     </span>
    </p>
   </div>
   <div class='ocr_carea' id='block_1_10' title="bbox 815 3272 1968 5192">
    <p class='ocr_par' dir='ltr' id='par_1_10' title="bbox 815 3272 1968 5192">
     <span class='ocr_line' id='line_1_47' title="bbox 815 3272 1968 5192; baseline 0 0"><span class='ocrx_word' id='word_1_300' title='bbox 815 3272 1968 5192; x_wconf 95' lang='lat' dir='ltr'> </span> 
     </span>
    </p>
   </div>
   <div class='ocr_carea' id='block_1_11' title="bbox 568 5247 2170 5363">
    <p class='ocr_par' dir='ltr' id='par_1_11' title="bbox 568 5247 2170 5363">
     <span class='ocr_line' id='line_1_48' title="bbox 568 5247 2170 5363; baseline 0.01 -28"><span class='ocrx_word' id='word_1_301' title='bbox 568 5263 576 5270; x_wconf 43' lang='lat'>¹</span> <span class='ocrx_word' id='word_1_302' title='bbox 603 5278 809 5339; x_wconf 81' lang='lat' dir='ltr'>Prodiit</span> <span class='ocrx_word' id='word_1_303' title='bbox 830 5283 882 5340; x_wconf 89' lang='lat' dir='ltr'>in</span> <span class='ocrx_word' id='word_1_304' title='bbox 915 5286 1084 5338; x_wconf 84' lang='lat' dir='ltr'>luce‘m</span> <span class='ocrx_word' id='word_1_305' title='bbox 1118 5283 1418 5339; x_wconf 74' lang='lat' dir='ltr'>Dissertatio</span> <span class='ocrx_word' id='word_1_306' title='bbox 1442 5247 1771 5360; x_wconf 34' lang='lat' dir='ltr'>p‘httotoqtca,</span> <span class='ocrx_word' id='word_1_307' title='bbox 1793 5308 1894 5363; x_wconf 78' lang='lat' dir='ltr'>qua</span> <span class='ocrx_word' id='word_1_308' title='bbox 1919 5295 2170 5350; x_wconf 82' lang='lat' dir='ltr'>nonnulla</span> 
     </span>
    </p>
   </div>
   <div class='ocr_carea' id='block_1_12' title="bbox 601 5353 2169 5638">
    <p class='ocr_par' dir='ltr' id='par_1_12' title="bbox 601 5353 2169 5638">
     <span class='ocr_line' id='line_1_49' title="bbox 604 5353 2169 5436; baseline 0.012 -35"><span class='ocrx_word' id='word_1_309' title='bbox 604 5353 904 5407; x_wconf 76' lang='lat' dir='ltr'>munimenta</span> <span class='ocrx_word' id='word_1_310' title='bbox 932 5367 1091 5407; x_wconf 83' lang='lat' dir='ltr'>sacroe</span> <span class='ocrx_word' id='word_1_311' title='bbox 1112 5355 1372 5407; x_wconf 71' lang='lat' dir='ltr'>vetustatis</span> <span class='ocrx_word' id='word_1_312' title='bbox 1396 5373 1456 5409; x_wconf 71' lang='lat' dir='ltr'>ea:</span> <span class='ocrx_word' id='word_1_313' title='bbox 1485 5373 1656 5412; x_wconf 61' lang='lat' dir='ltr'>museo</span> <span class='ocrx_word' id='word_1_314' title='bbox 1688 5358 1907 5417; x_wconf 73' lang='lat' dir='ltr'>Victor-io</span> <span class='ocrx_word' id='word_1_315' title='bbox 1929 5366 2169 5436; x_wconf 78' lang='lat' dir='ltr'>deprom-</span> 
     </span>
     <span class='ocr_line' id='line_1_50' title="bbox 601 5421 2164 5497; baseline 0.011 -24"><span class='ocrx_word' id='word_1_316' title='bbox 601 5430 687 5489; x_wconf 85' lang='lat' dir='ltr'>pta</span> <span class='ocrx_word' id='word_1_317' title='bbox 715 5424 804 5475; x_wconf 60' lang='grc' dir='ltr'>ατί</span> <span class='ocrx_word' id='word_1_318' title='bbox 830 5423 989 5477; x_wconf 76' lang='lat' dir='ltr'>incisa</span> <span class='ocrx_word' id='word_1_319' title='bbox 1015 5421 1184 5475; x_wconf 76' lang='lat' dir='ltr'>tabula</span> <span class='ocrx_word' id='word_1_320' title='bbox 1208 5422 1885 5497; x_wconf 71' lang='lat' dir='ltr'>vulqantur,expertduntur,</span> <span class='ocrx_word' id='word_1_321' title='bbox 1909 5433 2164 5489; x_wconf 73' lang='lat' dir='ltr'>illustran-</span> 
     </span>
     <span class='ocr_line' id='line_1_51' title="bbox 602 5489 2160 5565; baseline 0.013 -26"><span class='ocrx_word' id='word_1_322' title='bbox 602 5498 684 5540; x_wconf 77' lang='lat' dir='ltr'>tur</span> <span class='ocrx_word' id='word_1_323' title='bbox 713 5489 908 5558; x_wconf 70' lang='lat' dir='ltr'>Bomio,</span> <span class='ocrx_word' id='word_1_324' title='bbox 972 5492 1097 5555; x_wconf 75' lang='lat'>75¹,</span> <span class='ocrx_word' id='word_1_325' title='bbox 1130 5492 1264 5556; x_wconf 59' lang='grc' dir='ltr'>ἔνι-4,</span> <span class='ocrx_word' id='word_1_326' title='bbox 1305 5510 1370 5547; x_wconf 72' lang='lat' dir='ltr'>ea:</span> <span class='ocrx_word' id='word_1_327' title='bbox 1400 5511 1506 5565; x_wconf 78' lang='lat' dir='ltr'>typ.</span> <span class='ocrx_word' id='word_1_328' title='bbox 1541 5495 1799 5553; x_wconf 78' lang='lat' dir='ltr'>Palladis.</span> <span class='ocrx_word' id='word_1_329' title='bbox 1850 5506 2049 5557; x_wconf 79' lang='lat' dir='ltr'>Auctor</span> <span class='ocrx_word' id='word_1_330' title='bbox 2075 5514 2160 5559; x_wconf 86' lang='lat' dir='ltr'>est</span> 
     </span>
     <span class='ocr_line' id='line_1_52' title="bbox 601 5557 2160 5638; baseline 0.013 -30"><span class='ocrx_word' id='word_1_331' title='bbox 601 5557 716 5623; x_wconf 89' lang='lat' dir='ltr'>ipse</span> <span class='ocrx_word' id='word_1_332' title='bbox 750 5559 1025 5615; x_wconf 85' lang='lat' dir='ltr'>Victorius.</span> <span class='ocrx_word' id='word_1_333' title='bbox 1075 5562 1222 5628; x_wconf 87' lang='lat' dir='ltr'>Quod</span> <span class='ocrx_word' id='word_1_334' title='bbox 1254 5574 1442 5619; x_wconf 81' lang='lat' dir='ltr'>attinet</span> <span class='ocrx_word' id='word_1_335' title='bbox 1468 5565 1531 5619; x_wconf 88' lang='lat' dir='ltr'>ad</span> <span class='ocrx_word' id='word_1_336' title='bbox 1572 5566 1630 5621; x_wconf 90' lang='lat' dir='ltr'>S.</span> <span class='ocrx_word' id='word_1_337' title='bbox 1665 5567 2025 5638; x_wconf 77' lang='lat' dir='ltr'>Laurentium,</span> <span class='ocrx_word' id='word_1_338' title='bbox 2066 5588 2160 5629; x_wconf 86' lang='lat' dir='ltr'>ex·</span> 
     </span>
    </p>
   </div>
   <div class='ocr_carea' id='block_1_13' title="bbox 2229 849 3902 4704">
    <p class='ocr_par' dir='ltr' id='par_1_13' title="bbox 2229 849 3902 4704">
     <span class='ocr_line' id='line_1_53' title="bbox 2326 849 3888 932; baseline 0.012 -28"><span class='ocrx_word' id='word_1_339' title='bbox 2326 849 2498 905; x_wconf 87' lang='lat' dir='ltr'>bimus</span> <span class='ocrx_word' id='word_1_340' title='bbox 2521 850 2586 905; x_wconf 88' lang='lat' dir='ltr'>ad</span> <span class='ocrx_word' id='word_1_341' title='bbox 2615 853 2757 906; x_wconf 74' lang='lat' dir='ltr'>vers.</span> <span class='ocrx_word' id='word_1_342' title='bbox 2788 852 2914 917; x_wconf 79' lang='lat'>563.</span> <span class='ocrx_word' id='word_1_343' title='bbox 2957 853 3115 910; x_wconf 87' lang='lat' dir='ltr'>simul</span> <span class='ocrx_word' id='word_1_344' title='bbox 3145 869 3266 911; x_wconf 91' lang='lat' dir='ltr'>cum</span> <span class='ocrx_word' id='word_1_345' title='bbox 3305 857 3425 914; x_wconf 79' lang='lat' dir='ltr'>aliis</span> <span class='ocrx_word' id='word_1_346' title='bbox 3448 860 3687 932; x_wconf 83' lang='lat' dir='ltr'>quinque</span> <span class='ocrx_word' id='word_1_347' title='bbox 3715 880 3888 922; x_wconf 85' lang='lat' dir='ltr'>monn·</span> 
     </span>
     <span class='ocr_line' id='line_1_54' title="bbox 2323 922 3889 993; baseline 0.013 -20"><span class='ocrx_word' id='word_1_348' title='bbox 2323 922 2515 975; x_wconf 86' lang='lat' dir='ltr'>mentis</span> <span class='ocrx_word' id='word_1_349' title='bbox 2533 922 2822 988; x_wconf 87' lang='lat' dir='ltr'>veteribus,</span> <span class='ocrx_word' id='word_1_350' title='bbox 2844 923 3039 983; x_wconf 72' lang='lat' dir='ltr'>ciuibus</span> <span class='ocrx_word' id='word_1_351' title='bbox 3059 927 3306 993; x_wconf 78' lang='lat' dir='ltr'>antimius</span> <span class='ocrx_word' id='word_1_352' title='bbox 3335 930 3508 985; x_wconf 87' lang='lat' dir='ltr'>cultus</span> <span class='ocrx_word' id='word_1_353' title='bbox 3530 932 3586 987; x_wconf 92' lang='lat' dir='ltr'>S.</span> <span class='ocrx_word' id='word_1_354' title='bbox 3612 933 3889 993; x_wconf 68' lang='lat' dir='ltr'>Laurentio</span> 
     </span>
     <span class='ocr_line' id='line_1_55' title="bbox 2324 990 3889 1076; baseline 0.013 -33"><span class='ocrx_word' id='word_1_355' title='bbox 2324 990 2513 1044; x_wconf 79' lang='lat' dir='ltr'>Roinae</span> <span class='ocrx_word' id='word_1_356' title='bbox 2543 991 2814 1057; x_wconf 85' lang='lat' dir='ltr'>praestitns</span> <span class='ocrx_word' id='word_1_357' title='bbox 2837 992 3149 1049; x_wconf 82' lang='lat' dir='ltr'>illustratur.</span> <span class='ocrx_word' id='word_1_358' title='bbox 3177 996 3379 1053; x_wconf 85' lang='lat' dir='ltr'>Deinde</span> <span class='ocrx_word' id='word_1_359' title='bbox 3400 998 3664 1057; x_wconf 70' lang='lat' dir='ltr'>Victorius</span> <span class='ocrx_word' id='word_1_360' title='bbox 3683 1010 3889 1076; x_wconf 81' lang='lat' dir='ltr'>exponit</span> 
     </span>
     <span class='ocr_line' id='line_1_56' title="bbox 2320 1061 3889 1133; baseline 0.013 -23"><span class='ocrx_word' id='word_1_361' title='bbox 2320 1070 2408 1111; x_wconf 78' lang='lat' dir='ltr'>ant</span> <span class='ocrx_word' id='word_1_362' title='bbox 2434 1074 2618 1129; x_wconf 87' lang='lat' dir='ltr'>quam,</span> <span class='ocrx_word' id='word_1_363' title='bbox 2668 1070 2726 1114; x_wconf 93' lang='lat' dir='ltr'>ut</span> <span class='ocrx_word' id='word_1_364' title='bbox 2754 1061 3021 1130; x_wconf 85' lang='lat' dir='ltr'>dicebam,</span> <span class='ocrx_word' id='word_1_365' title='bbox 3071 1079 3138 1119; x_wconf 78' lang='lat' dir='ltr'>ex</span> <span class='ocrx_word' id='word_1_366' title='bbox 3174 1067 3388 1133; x_wconf 83' lang='lat' dir='ltr'>plumbo</span> <span class='ocrx_word' id='word_1_367' title='bbox 3420 1070 3671 1128; x_wconf 85' lang='lat' dir='ltr'>laminam</span> <span class='ocrx_word' id='word_1_368' title='bbox 3714 1085 3889 1131; x_wconf 89' lang='lat' dir='ltr'>rotun·</span> 
     </span>
     <span class='ocr_line' id='line_1_57' title="bbox 2319 1128 3886 1214; baseline 0.013 -32"><span class='ocrx_word' id='word_1_369' title='bbox 2319 1128 2469 1194; x_wconf 89' lang='lat' dir='ltr'>dam,</span> <span class='ocrx_word' id='word_1_370' title='bbox 2499 1143 2618 1198; x_wconf 70' lang='lat' dir='ltr'>qum</span> <span class='ocrx_word' id='word_1_371' title='bbox 2644 1129 2713 1184; x_wconf 85' lang='lat' dir='ltr'>ab</span> <span class='ocrx_word' id='word_1_372' title='bbox 2749 1131 2926 1195; x_wconf 61' lang='lat' dir='ltr'>aliquo</span> <span class='ocrx_word' id='word_1_373' title='bbox 2951 1133 3287 1201; x_wconf 80' lang='lat' dir='ltr'>Christiano,</span> <span class='ocrx_word' id='word_1_374' title='bbox 3333 1150 3386 1190; x_wconf 88' lang='lat' dir='ltr'>nt</span> <span class='ocrx_word' id='word_1_375' title='bbox 3431 1142 3652 1197; x_wconf 85' lang='lat' dir='ltr'>credere</span> <span class='ocrx_word' id='word_1_376' title='bbox 3685 1161 3886 1214; x_wconf 76' lang='lat' dir='ltr'>:equum</span> 
     </span>
     <span class='ocr_line' id='line_1_58' title="bbox 2319 1198 3889 1271; baseline 0.012 -18"><span class='ocrx_word' id='word_1_377' title='bbox 2319 1209 2424 1259; x_wconf 82' lang='lat' dir='ltr'>est,</span> <span class='ocrx_word' id='word_1_378' title='bbox 2455 1198 2798 1255; x_wconf 76' lang='lat' dir='ltr'>‹terei-ebatur</span> <span class='ocrx_word' id='word_1_379' title='bbox 2828 1202 2968 1255; x_wconf 90' lang='lat' dir='ltr'>collo</span> <span class='ocrx_word' id='word_1_380' title='bbox 2997 1218 3248 1271; x_wconf 57' lang='lat' dir='ltr'>appensa,</span> <span class='ocrx_word' id='word_1_381' title='bbox 3298 1208 3456 1261; x_wconf 73' lang='lat' dir='ltr'>ietuti</span> <span class='ocrx_word' id='word_1_382' title='bbox 3507 1226 3718 1266; x_wconf 55' lang='lat' dir='ltr'>sacrum</span> <span class='ocrx_word' id='word_1_383' title='bbox 3744 1230 3889 1271; x_wconf 84' lang='lat' dir='ltr'>amu-</span> 
     </span>
     <span class='ocr_line' id='line_1_59' title="bbox 2320 1266 3886 1341; baseline 0.013 -20"><span class='ocrx_word' id='word_1_384' title='bbox 2320 1266 2486 1322; x_wconf 84' lang='lat' dir='ltr'>letum</span> <span class='ocrx_word' id='word_1_385' title='bbox 2513 1268 2578 1322; x_wconf 89' lang='lat' dir='ltr'>ad</span> <span class='ocrx_word' id='word_1_386' title='bbox 2605 1267 2844 1337; x_wconf 74' lang='lat' dir='ltr'>ejusdem</span> <span class='ocrx_word' id='word_1_387' title='bbox 2881 1277 3017 1337; x_wconf 82' lang='lat' dir='ltr'>apud</span> <span class='ocrx_word' id='word_1_388' title='bbox 3051 1272 3217 1328; x_wconf 84' lang='lat' dir='ltr'>Deum</span> <span class='ocrx_word' id='word_1_389' title='bbox 3258 1276 3599 1333; x_wconf 85' lang='lat' dir='ltr'>obtinendam</span> <span class='ocrx_word' id='word_1_390' title='bbox 3630 1281 3886 1341; x_wconf 82' lang='lat' dir='ltr'>imeri-es·</span> 
     </span>
     <span class='ocr_line' id='line_1_60' title="bbox 2317 1337 3886 1411; baseline 0.011 -19"><span class='ocrx_word' id='word_1_391' title='bbox 2317 1338 2550 1404; x_wconf 88' lang='lat' dir='ltr'>sionem,</span> <span class='ocrx_word' id='word_1_392' title='bbox 2595 1337 2662 1392; x_wconf 90' lang='lat' dir='ltr'>de</span> <span class='ocrx_word' id='word_1_393' title='bbox 2698 1339 2892 1407; x_wconf 83' lang='lat' dir='ltr'>quibus</span> <span class='ocrx_word' id='word_1_394' title='bbox 2939 1342 3106 1397; x_wconf 88' lang='lat' dir='ltr'>sacris</span> <span class='ocrx_word' id='word_1_395' title='bbox 3130 1346 3376 1400; x_wconf 83' lang='lat' dir='ltr'>amuletis</span> <span class='ocrx_word' id='word_1_396' title='bbox 3416 1348 3581 1403; x_wconf 87' lang='lat' dir='ltr'>multa</span> <span class='ocrx_word' id='word_1_397' title='bbox 3612 1352 3683 1405; x_wconf 91' lang='lat' dir='ltr'>ibi</span> <span class='ocrx_word' id='word_1_398' title='bbox 3712 1346 3886 1411; x_wconf 71' lang='lat' dir='ltr'>vieto·</span> 
     </span>
     <span class='ocr_line' id='line_1_61' title="bbox 2318 1407 3884 1492; baseline 0.013 -32"><span class='ocrx_word' id='word_1_399' title='bbox 2318 1410 2445 1461; x_wconf 82' lang='lat' dir='ltr'>rins.</span> <span class='ocrx_word' id='word_1_400' title='bbox 2493 1407 2551 1462; x_wconf 88' lang='lat' dir='ltr'>ln</span> <span class='ocrx_word' id='word_1_401' title='bbox 2598 1422 2659 1461; x_wconf 86' lang='lat' dir='ltr'>ea</span> <span class='ocrx_word' id='word_1_402' title='bbox 2707 1410 2902 1465; x_wconf 86' lang='lat' dir='ltr'>lamina</span> <span class='ocrx_word' id='word_1_403' title='bbox 2947 1425 3042 1466; x_wconf 89' lang='lat' dir='ltr'>seu</span> <span class='ocrx_word' id='word_1_404' title='bbox 3081 1414 3398 1470; x_wconf 73' lang='lat' dir='ltr'>numismate</span> <span class='ocrx_word' id='word_1_405' title='bbox 3437 1426 3556 1486; x_wconf 45' lang='lat' dir='ltr'>port</span> <span class='ocrx_word' id='word_1_406' title='bbox 3601 1432 3884 1492; x_wconf 76' lang='lat' dir='ltr'>martyrem</span> 
     </span>
     <span class='ocr_line' id='line_1_62' title="bbox 2317 1477 3882 1564; baseline 0.013 -35"><span class='ocrx_word' id='word_1_407' title='bbox 2317 1484 2462 1531; x_wconf 77' lang='lat' dir='ltr'>stare</span> <span class='ocrx_word' id='word_1_408' title='bbox 2493 1477 2701 1532; x_wconf 86' lang='lat' dir='ltr'>videtur</span> <span class='ocrx_word' id='word_1_409' title='bbox 2723 1478 2938 1544; x_wconf 71' lang='lat' dir='ltr'>femina,</span> <span class='ocrx_word' id='word_1_410' title='bbox 2989 1482 3073 1535; x_wconf 90' lang='lat' dir='ltr'>vel</span> <span class='ocrx_word' id='word_1_411' title='bbox 3105 1481 3159 1536; x_wconf 89' lang='lat' dir='ltr'>in</span> <span class='ocrx_word' id='word_1_412' title='bbox 3184 1496 3309 1538; x_wconf 80' lang='lat' dir='ltr'>aera</span> <span class='ocrx_word' id='word_1_413' title='bbox 3340 1500 3443 1540; x_wconf 88' lang='lat' dir='ltr'>non</span> <span class='ocrx_word' id='word_1_414' title='bbox 3477 1488 3610 1544; x_wconf 85' lang='lat' dir='ltr'>nibil</span> <span class='ocrx_word' id='word_1_415' title='bbox 3652 1495 3882 1564; x_wconf 80' lang='lat' dir='ltr'>sublata,</span> 
     </span>
     <span class='ocr_line' id='line_1_63' title="bbox 2317 1546 3886 1628; baseline 0.015 -30"><span class='ocrx_word' id='word_1_416' title='bbox 2317 1546 2401 1601; x_wconf 82' lang='lat' dir='ltr'>vel</span> <span class='ocrx_word' id='word_1_417' title='bbox 2450 1546 2568 1601; x_wconf 90' lang='lat' dir='ltr'>loco</span> <span class='ocrx_word' id='word_1_418' title='bbox 2594 1561 2624 1601; x_wconf 86' lang='lat' dir='ltr'>a</span> <span class='ocrx_word' id='word_1_419' title='bbox 2650 1554 2794 1602; x_wconf 89' lang='lat' dir='ltr'>terra</span> <span class='ocrx_word' id='word_1_420' title='bbox 2837 1548 2980 1604; x_wconf 81' lang='lat' dir='ltr'>edito</span> <span class='ocrx_word' id='word_1_421' title='bbox 3014 1552 3209 1607; x_wconf 81' lang='lat' dir='ltr'>coelum</span> <span class='ocrx_word' id='word_1_422' title='bbox 3249 1555 3414 1610; x_wconf 87' lang='lat' dir='ltr'>oculis</span> <span class='ocrx_word' id='word_1_423' title='bbox 3465 1560 3771 1628; x_wconf 78' lang='lat' dir='ltr'>respiciens,</span> <span class='ocrx_word' id='word_1_424' title='bbox 3815 1567 3886 1622; x_wconf 86' lang='lat' dir='ltr'>ad</span> 
     </span>
     <span class='ocr_line' id='line_1_64' title="bbox 2313 1615 3885 1692; baseline 0.013 -23"><span class='ocrx_word' id='word_1_425' title='bbox 2313 1615 2578 1670; x_wconf 81' lang='lat' dir='ltr'>mamillas</span> <span class='ocrx_word' id='word_1_426' title='bbox 2623 1618 2912 1683; x_wconf 81' lang='lat' dir='ltr'>succincta,</span> <span class='ocrx_word' id='word_1_427' title='bbox 2964 1622 3314 1691; x_wconf 83' lang='lat' dir='ltr'>manibusque</span> <span class='ocrx_word' id='word_1_428' title='bbox 3335 1628 3542 1682; x_wconf 85' lang='lat' dir='ltr'>orantis</span> <span class='ocrx_word' id='word_1_429' title='bbox 3570 1629 3624 1684; x_wconf 85' lang='lat' dir='ltr'>in</span> <span class='ocrx_word' id='word_1_430' title='bbox 3668 1634 3885 1692; x_wconf 85' lang='lat' dir='ltr'>modum</span> 
     </span>
     <span class='ocr_line' id='line_1_65' title="bbox 2239 1682 3885 1762; baseline 0.012 -20"><span class='ocrx_word' id='word_1_431' title='bbox 2239 1682 2283 1742; x_wconf 81' lang='grc' dir='ltr'><strong>Β</strong></span> <span class='ocrx_word' id='word_1_432' title='bbox 2311 1685 2524 1753; x_wconf 87' lang='lat' dir='ltr'>apertis.</span> <span class='ocrx_word' id='word_1_433' title='bbox 2556 1684 2844 1755; x_wconf 81' lang='lat' dir='ltr'>elatisque;</span> <span class='ocrx_word' id='word_1_434' title='bbox 2893 1703 3016 1757; x_wconf 82' lang='lat' dir='ltr'>quae</span> <span class='ocrx_word' id='word_1_435' title='bbox 3062 1690 3289 1747; x_wconf 75' lang='lat' dir='ltr'>tortasse</span> <span class='ocrx_word' id='word_1_436' title='bbox 3332 1694 3605 1753; x_wconf 79' lang='lat' dir='ltr'>Laurentii</span> <span class='ocrx_word' id='word_1_437' title='bbox 3650 1704 3885 1762; x_wconf 75' lang='lat' dir='ltr'>animam</span> 
     </span>
     <span class='ocr_line' id='line_1_66' title="bbox 2308 1754 3884 1832; baseline 0.017 -26"><span class='ocrx_word' id='word_1_438' title='bbox 2308 1754 2575 1824; x_wconf 75' lang='lat' dir='ltr'>designat.</span> <span class='ocrx_word' id='word_1_439' title='bbox 2597 1756 2751 1824; x_wconf 76' lang='lat' dir='ltr'>Apud</span> <span class='ocrx_word' id='word_1_440' title='bbox 2776 1759 3026 1815; x_wconf 82' lang='lat' dir='ltr'>ethnicos</span> <span class='ocrx_word' id='word_1_441' title='bbox 3051 1762 3210 1815; x_wconf 89' lang='lat' dir='ltr'>etiam</span> <span class='ocrx_word' id='word_1_442' title='bbox 3241 1764 3435 1819; x_wconf 85' lang='lat' dir='ltr'>animae</span> <span class='ocrx_word' id='word_1_443' title='bbox 3465 1766 3632 1823; x_wconf 78' lang='lat' dir='ltr'>forma</span> <span class='ocrx_word' id='word_1_444' title='bbox 3657 1770 3884 1832; x_wconf 69' lang='lat' dir='ltr'>feminea</span> 
     </span>
     <span class='ocr_line' id='line_1_67' title="bbox 2307 1822 3884 1900; baseline 0.015 -23"><span class='ocrx_word' id='word_1_445' title='bbox 2307 1822 2489 1893; x_wconf 73' lang='lat' dir='ltr'>effingi</span> <span class='ocrx_word' id='word_1_446' title='bbox 2518 1837 2928 1882; x_wconf 82' lang='lat' dir='ltr'>consueverunt.</span> <span class='ocrx_word' id='word_1_447' title='bbox 2964 1829 3038 1885; x_wconf 79' lang='lat' dir='ltr'>De</span> <span class='ocrx_word' id='word_1_448' title='bbox 3064 1831 3240 1885; x_wconf 89' lang='lat' dir='ltr'>anima</span> <span class='ocrx_word' id='word_1_449' title='bbox 3268 1831 3538 1892; x_wconf 89' lang='lat' dir='ltr'>Laurentii</span> <span class='ocrx_word' id='word_1_450' title='bbox 3564 1838 3884 1900; x_wconf 79' lang='lat' dir='ltr'>Prudentius</span> 
     </span>
     <span class='ocr_line' id='line_1_68' title="bbox 2308 1893 3884 1979; baseline 0.015 -33"><span class='ocrx_word' id='word_1_451' title='bbox 2308 1908 2450 1948; x_wconf 80' lang='lat' dir='ltr'>vers.</span> <span class='ocrx_word' id='word_1_452' title='bbox 2483 1895 2607 1958; x_wconf 68' lang='lat'>⁴87,</span> <span class='ocrx_word' id='word_1_453' title='bbox 2660 1893 2846 1966; x_wconf 83' lang='lat' dir='ltr'>Erupit</span> <span class='ocrx_word' id='word_1_454' title='bbox 2883 1898 3054 1953; x_wconf 78' lang='lat' dir='ltr'>volens</span> <span class='ocrx_word' id='word_1_455' title='bbox 3084 1899 3278 1955; x_wconf 79' lang='lat' dir='ltr'>Coetum</span> <span class='ocrx_word' id='word_1_456' title='bbox 3321 1914 3523 1961; x_wconf 73' lang='lat' dir='ltr'>secutus</span> <span class='ocrx_word' id='word_1_457' title='bbox 3566 1910 3791 1979; x_wconf 79' lang='lat' dir='ltr'>spiritus.</span> <span class='ocrx_word' id='word_1_458' title='bbox 3825 1915 3884 1973; x_wconf 85' lang='lat' dir='ltr'>in</span> 
     </span>
     <span class='ocr_line' id='line_1_69' title="bbox 2306 1963 3883 2050; baseline 0.015 -35"><span class='ocrx_word' id='word_1_459' title='bbox 2306 1963 2476 2018; x_wconf 85' lang='lat' dir='ltr'>altera</span> <span class='ocrx_word' id='word_1_460' title='bbox 2517 1964 2848 2021; x_wconf 89' lang='lat' dir='ltr'>numismatis</span> <span class='ocrx_word' id='word_1_461' title='bbox 2889 1979 3037 2036; x_wconf 84' lang='lat' dir='ltr'>parte</span> <span class='ocrx_word' id='word_1_462' title='bbox 3065 1969 3306 2025; x_wconf 83' lang='lat' dir='ltr'>caelatum</span> <span class='ocrx_word' id='word_1_463' title='bbox 3348 1982 3430 2027; x_wconf 88' lang='lat' dir='ltr'>est</span> <span class='ocrx_word' id='word_1_464' title='bbox 3465 1977 3632 2034; x_wconf 87' lang='lat' dir='ltr'>altare</span> <span class='ocrx_word' id='word_1_465' title='bbox 3655 1994 3883 2050; x_wconf 71' lang='lat' dir='ltr'>quatuo:</span> 
     </span>
     <span class='ocr_line' id='line_1_70' title="bbox 2303 2032 3882 2121; baseline 0.014 -36"><span class='ocrx_word' id='word_1_466' title='bbox 2303 2032 2573 2088; x_wconf 86' lang='lat' dir='ltr'>columnis</span> <span class='ocrx_word' id='word_1_467' title='bbox 2597 2036 2884 2097; x_wconf 77' lang='lat' dir='ltr'>teretibus.</span> <span class='ocrx_word' id='word_1_468' title='bbox 2933 2040 3017 2091; x_wconf 91' lang='lat' dir='ltr'>cui</span> <span class='ocrx_word' id='word_1_469' title='bbox 3048 2052 3242 2096; x_wconf 91' lang='lat' dir='ltr'>nomen</span> <span class='ocrx_word' id='word_1_470' title='bbox 3287 2051 3441 2099; x_wconf 84' lang='lat' dir='ltr'>vetus</span> <span class='ocrx_word' id='word_1_471' title='bbox 3474 2056 3558 2101; x_wconf 89' lang='lat' dir='ltr'>est</span> <span class='ocrx_word' id='word_1_472' title='bbox 3596 2051 3882 2121; x_wconf 71' lang='lat' dir='ltr'>confessio,-</span> 
     </span>
     <span class='ocr_line' id='line_1_71' title="bbox 2304 2104 3882 2192; baseline 0.011 -36"><span class='ocrx_word' id='word_1_473' title='bbox 2304 2110 2360 2156; x_wconf 86' lang='lat' dir='ltr'>et</span> <span class='ocrx_word' id='word_1_474' title='bbox 2391 2104 2442 2155; x_wconf 88' lang='lat' dir='ltr'>iii</span> <span class='ocrx_word' id='word_1_475' title='bbox 2469 2105 2837 2159; x_wconf 77' lang='lat' dir='ltr'>caeremoniali</span> <span class='ocrx_word' id='word_1_476' title='bbox 2869 2108 3240 2176; x_wconf 87' lang='lat' dir='ltr'>episcoporum</span> <span class='ocrx_word' id='word_1_477' title='bbox 3271 2110 3366 2165; x_wconf 88' lang='lat' dir='ltr'>lib.</span> <span class='ocrx_word' id='word_1_478' title='bbox 3397 2128 3434 2179; x_wconf 88' lang='grc' dir='ltr'>ι,</span> <span class='ocrx_word' id='word_1_479' title='bbox 3483 2130 3601 2185; x_wconf 86' lang='lat' dir='ltr'>cap.</span> <span class='ocrx_word' id='word_1_480' title='bbox 3635 2118 3723 2186; x_wconf 73' lang='lat' dir='ltr'>ts,</span> <span class='ocrx_word' id='word_1_481' title='bbox 3760 2120 3792 2192; x_wconf 57' lang='grc' dir='ltr'>ᾗ</span> <span class='ocrx_word' id='word_1_482' title='bbox 3823 2126 3882 2190; x_wconf 72' lang='grc'>4,</span> 
     </span>
     <span class='ocr_line' id='line_1_72' title="bbox 2305 2170 3881 2266; baseline 0.014 -42"><span class='ocrx_word' id='word_1_483' title='bbox 2305 2170 2495 2240; x_wconf 65' lang='lat' dir='ltr'>legitur</span> <span class='ocrx_word' id='word_1_484' title='bbox 2519 2190 2532 2225; x_wconf 93' lang='lat'><strong>:</strong></span> <span class='ocrx_word' id='word_1_485' title='bbox 2558 2172 2725 2227; x_wconf 81' lang='lat' dir='ltr'>Locus</span> <span class='ocrx_word' id='word_1_486' title='bbox 2745 2175 2833 2244; x_wconf 80' lang='lat' dir='ltr'>qui</span> <span class='ocrx_word' id='word_1_487' title='bbox 2860 2176 2911 2229; x_wconf 79' lang='lat' dir='ltr'>in</span> <span class='ocrx_word' id='word_1_488' title='bbox 2933 2178 3184 2266; x_wconf 76' lang='lat' dir='ltr'>plerisque</span> <span class='ocrx_word' id='word_1_489' title='bbox 3209 2180 3434 2238; x_wconf 68' lang='lat' dir='ltr'>ecelesiis</span> <span class='ocrx_word' id='word_1_490' title='bbox 3464 2185 3557 2238; x_wconf 76' lang='lat' dir='ltr'>sub</span> <span class='ocrx_word' id='word_1_491' title='bbox 3585 2189 3739 2243; x_wconf 78' lang='lat' dir='ltr'>altari</span> <span class='ocrx_word' id='word_1_492' title='bbox 3763 2207 3881 2245; x_wconf 76' lang='lat' dir='ltr'>ma-</span> 
     </span>
     <span class='ocr_line' id='line_1_73' title="bbox 2295 2242 3882 2329; baseline 0.014 -36"><span class='ocrx_word' id='word_1_493' title='bbox 2295 2242 2406 2312; x_wconf 85' lang='lat' dir='ltr'>jori</span> <span class='ocrx_word' id='word_1_494' title='bbox 2434 2258 2540 2297; x_wconf 76' lang='lat' dir='ltr'>esse</span> <span class='ocrx_word' id='word_1_495' title='bbox 2567 2243 2713 2310; x_wconf 77' lang='lat' dir='ltr'>solet,</span> <span class='ocrx_word' id='word_1_496' title='bbox 2747 2244 2834 2298; x_wconf 79' lang='lat' dir='ltr'>ubi</span> <span class='ocrx_word' id='word_1_497' title='bbox 2860 2246 2968 2302; x_wconf 70' lang='lat' dir='ltr'>SS.</span> <span class='ocrx_word' id='word_1_498' title='bbox 2995 2259 3278 2318; x_wconf 76' lang='lat' dir='ltr'>martyrum</span> <span class='ocrx_word' id='word_1_499' title='bbox 3301 2268 3517 2320; x_wconf 80' lang='lat' dir='ltr'>corpora</span> <span class='ocrx_word' id='word_1_500' title='bbox 3536 2257 3882 2329; x_wconf 65' lang='lat' dir='ltr'>requiescunt,</span> 
     </span>
     <span class='ocr_line' id='line_1_74' title="bbox 2303 2313 3882 2388; baseline 0.016 -26"><span class='ocrx_word' id='word_1_501' title='bbox 2303 2313 2601 2381; x_wconf 76' lang='lat' dir='ltr'>martyrium</span> <span class='ocrx_word' id='word_1_502' title='bbox 2620 2329 2710 2366; x_wconf 83' lang='lat' dir='ltr'>seu</span> <span class='ocrx_word' id='word_1_503' title='bbox 2734 2318 2984 2384; x_wconf 77' lang='lat' dir='ltr'>consessio</span> <span class='ocrx_word' id='word_1_504' title='bbox 3005 2334 3071 2387; x_wconf 83' lang='lat' dir='ltr'>ap</span> <span class='ocrx_word' id='word_1_505' title='bbox 3112 2318 3319 2388; x_wconf 72' lang='lat' dir='ltr'>ellatur.</span> <span class='ocrx_word' id='word_1_506' title='bbox 3346 2325 3659 2380; x_wconf 80' lang='lat' dir='ltr'>Anastasius</span> <span class='ocrx_word' id='word_1_507' title='bbox 3680 2328 3882 2387; x_wconf 82' lang='lat' dir='ltr'>Biblio-</span> 
     </span>
     <span class='ocr_line' id='line_1_75' title="bbox 2304 2381 3879 2469; baseline 0.015 -37"><span class='ocrx_word' id='word_1_508' title='bbox 2304 2381 2577 2436; x_wconf 83' lang='lat' dir='ltr'>tlieearius</span> <span class='ocrx_word' id='word_1_509' title='bbox 2606 2382 2658 2436; x_wconf 92' lang='lat' dir='ltr'>in</span> <span class='ocrx_word' id='word_1_510' title='bbox 2704 2385 2810 2438; x_wconf 83' lang='lat' dir='ltr'>vita</span> <span class='ocrx_word' id='word_1_511' title='bbox 2856 2386 2990 2439; x_wconf 83' lang='lat' dir='ltr'>Sixii</span> <span class='ocrx_word' id='word_1_512' title='bbox 3023 2387 3064 2442; x_wconf 91' lang='lat' dir='ltr'>ll</span> <span class='ocrx_word' id='word_1_513' title='bbox 3132 2390 3366 2459; x_wconf 84' lang='lat' dir='ltr'>loquitur</span> <span class='ocrx_word' id='word_1_514' title='bbox 3403 2392 3471 2448; x_wconf 89' lang='lat' dir='ltr'>de</span> <span class='ocrx_word' id='word_1_515' title='bbox 3514 2396 3879 2469; x_wconf 81' lang='lat' dir='ltr'>confessione,</span> 
     </span>
     <span class='ocr_line' id='line_1_76' title="bbox 2303 2452 3883 2532; baseline 0.016 -30"><span class='ocrx_word' id='word_1_516' title='bbox 2303 2457 2613 2517; x_wconf 84' lang='lat' dir='ltr'>transenna,</span> <span class='ocrx_word' id='word_1_517' title='bbox 2658 2452 2815 2509; x_wconf 83' lang='lat' dir='ltr'>altari</span> <span class='ocrx_word' id='word_1_518' title='bbox 2861 2455 2920 2510; x_wconf 91' lang='lat' dir='ltr'>S.</span> <span class='ocrx_word' id='word_1_519' title='bbox 2955 2455 3248 2526; x_wconf 84' lang='lat' dir='ltr'>Laurentii,</span> <span class='ocrx_word' id='word_1_520' title='bbox 3290 2470 3347 2515; x_wconf 89' lang='lat' dir='ltr'>ut</span> <span class='ocrx_word' id='word_1_521' title='bbox 3375 2461 3604 2532; x_wconf 86' lang='lat' dir='ltr'>videtur,</span> <span class='ocrx_word' id='word_1_522' title='bbox 3655 2470 3706 2522; x_wconf 90' lang='lat' dir='ltr'>in</span> <span class='ocrx_word' id='word_1_523' title='bbox 3736 2470 3883 2525; x_wconf 74' lang='lat' dir='ltr'>basi·</span> 
     </span>
     <span class='ocr_line' id='line_1_77' title="bbox 2304 2519 3882 2593; baseline 0.013 -20"><span class='ocrx_word' id='word_1_524' title='bbox 2304 2519 2400 2573; x_wconf 88' lang='lat' dir='ltr'>lica</span> <span class='ocrx_word' id='word_1_525' title='bbox 2431 2522 2542 2588; x_wconf 76' lang='lat' dir='ltr'>agri</span> <span class='ocrx_word' id='word_1_526' title='bbox 2574 2521 2788 2586; x_wconf 84' lang='lat' dir='ltr'>verani,</span> <span class='ocrx_word' id='word_1_527' title='bbox 2839 2538 2903 2579; x_wconf 88' lang='lat' dir='ltr'>ae</span> <span class='ocrx_word' id='word_1_528' title='bbox 2950 2526 3143 2582; x_wconf 87' lang='lat' dir='ltr'>deinde</span> <span class='ocrx_word' id='word_1_529' title='bbox 3181 2527 3248 2584; x_wconf 83' lang='lat' dir='ltr'>do</span> <span class='ocrx_word' id='word_1_530' title='bbox 3273 2532 3373 2584; x_wconf 82' lang='lat' dir='ltr'>alia</span> <span class='ocrx_word' id='word_1_531' title='bbox 3403 2531 3620 2589; x_wconf 82' lang='lat' dir='ltr'>basilica</span> <span class='ocrx_word' id='word_1_532' title='bbox 3655 2537 3715 2592; x_wconf 89' lang='lat' dir='ltr'>S.</span> <span class='ocrx_word' id='word_1_533' title='bbox 3742 2539 3882 2593; x_wconf 81' lang='lat' dir='ltr'>Lau-</span> 
     </span>
     <span class='ocr_line' id='line_1_78' title="bbox 2303 2590 3884 2663; baseline 0.014 -21"><span class='ocrx_word' id='word_1_534' title='bbox 2303 2590 2486 2656; x_wconf 90' lang='lat' dir='ltr'>rentii,</span> <span class='ocrx_word' id='word_1_535' title='bbox 2568 2605 2649 2645; x_wconf 80' lang='lat' dir='ltr'>uae</span> <span class='ocrx_word' id='word_1_536' title='bbox 2675 2592 3020 2660; x_wconf 85' lang='lat' dir='ltr'>probabiliter</span> <span class='ocrx_word' id='word_1_537' title='bbox 3047 2604 3132 2652; x_wconf 89' lang='lat' dir='ltr'>est</span> <span class='ocrx_word' id='word_1_538' title='bbox 3172 2599 3398 2654; x_wconf 87' lang='lat' dir='ltr'>ccclesia</span> <span class='ocrx_word' id='word_1_539' title='bbox 3434 2601 3490 2656; x_wconf 90' lang='lat' dir='ltr'>S.</span> <span class='ocrx_word' id='word_1_540' title='bbox 3525 2604 3796 2663; x_wconf 78' lang='lat' dir='ltr'>Laurentii</span> <span class='ocrx_word' id='word_1_541' title='bbox 3831 2610 3884 2663; x_wconf 89' lang='lat' dir='ltr'>in</span> 
     </span>
     <span class='ocr_line' id='line_1_79' title="bbox 2303 2658 3885 2738; baseline 0.013 -26"><span class='ocrx_word' id='word_1_542' title='bbox 2303 2658 2520 2713; x_wconf 84' lang='lat' dir='ltr'>Lucina.</span> <span class='ocrx_word' id='word_1_543' title='bbox 2599 2662 2712 2715; x_wconf 87' lang='lat' dir='ltr'>lura</span> <span class='ocrx_word' id='word_1_544' title='bbox 2740 2661 2883 2717; x_wconf 87' lang='lat' dir='ltr'>addit</span> <span class='ocrx_word' id='word_1_545' title='bbox 2915 2664 3178 2722; x_wconf 81' lang='lat' dir='ltr'>Victorius</span> <span class='ocrx_word' id='word_1_546' title='bbox 3204 2667 3274 2721; x_wconf 90' lang='lat' dir='ltr'>de</span> <span class='ocrx_word' id='word_1_547' title='bbox 3301 2671 3510 2738; x_wconf 85' lang='lat' dir='ltr'>templis</span> <span class='ocrx_word' id='word_1_548' title='bbox 3525 2673 3581 2727; x_wconf 89' lang='lat' dir='ltr'>S.</span> <span class='ocrx_word' id='word_1_549' title='bbox 3604 2673 3885 2735; x_wconf 79' lang='lat' dir='ltr'>Laurentii</span> 
     </span>
     <span class='ocr_line' id='line_1_80' title="bbox 2299 2731 3882 2812; baseline 0.015 -32"><span class='ocrx_word' id='word_1_550' title='bbox 2299 2743 2418 2797; x_wconf 78' lang='lat' dir='ltr'>quae</span> <span class='ocrx_word' id='word_1_551' title='bbox 2453 2731 2632 2785; x_wconf 77' lang='lat' dir='ltr'>Romae</span> <span class='ocrx_word' id='word_1_552' title='bbox 2657 2739 2887 2797; x_wconf 87' lang='lat' dir='ltr'>exstant,</span> <span class='ocrx_word' id='word_1_553' title='bbox 2934 2743 2991 2788; x_wconf 87' lang='lat' dir='ltr'>et</span> <span class='ocrx_word' id='word_1_554' title='bbox 3034 2737 3102 2790; x_wconf 90' lang='lat' dir='ltr'>de</span> <span class='ocrx_word' id='word_1_555' title='bbox 3142 2737 3379 2805; x_wconf 86' lang='lat' dir='ltr'>ejusdem</span> <span class='ocrx_word' id='word_1_556' title='bbox 3410 2743 3662 2812; x_wconf 83' lang='lat' dir='ltr'>martyris</span> <span class='ocrx_word' id='word_1_557' title='bbox 3703 2752 3882 2803; x_wconf 85' lang='lat' dir='ltr'>cuttu.</span> 
     </span>
     <span class='ocr_line' id='line_1_81' title="bbox 2301 2798 3884 2876; baseline 0.015 -27"><span class='ocrx_word' id='word_1_558' title='bbox 2301 2798 2533 2867; x_wconf 78' lang='lat' dir='ltr'>ignatius</span> <span class='ocrx_word' id='word_1_559' title='bbox 2561 2799 2729 2855; x_wconf 85' lang='lat' dir='ltr'>Come</span> <span class='ocrx_word' id='word_1_560' title='bbox 2756 2802 2807 2856; x_wconf 90' lang='lat' dir='ltr'>in</span> <span class='ocrx_word' id='word_1_561' title='bbox 2837 2817 3000 2872; x_wconf 89' lang='lat' dir='ltr'>opere</span> <span class='ocrx_word' id='word_1_562' title='bbox 3029 2804 3097 2860; x_wconf 91' lang='lat' dir='ltr'>de</span> <span class='ocrx_word' id='word_1_563' title='bbox 3114 2805 3185 2862; x_wconf 82' lang='lat' dir='ltr'>S.</span> <span class='ocrx_word' id='word_1_564' title='bbox 3222 2805 3528 2876; x_wconf 86' lang='lat' dir='ltr'>Laurentio,</span> <span class='ocrx_word' id='word_1_565' title='bbox 3563 2812 3653 2867; x_wconf 88' lang='lat' dir='ltr'>ubi</span> <span class='ocrx_word' id='word_1_566' title='bbox 3680 2830 3711 2868; x_wconf 84' lang='lat' dir='ltr'>a</span> <span class='ocrx_word' id='word_1_567' title='bbox 3747 2816 3793 2870; x_wconf 92' lang='lat' dir='ltr'>it</span> <span class='ocrx_word' id='word_1_568' title='bbox 3815 2822 3884 2874; x_wconf 78' lang='lat' dir='ltr'>de</span> 
     </span>
     <span class='ocr_line' id='line_1_82' title="bbox 2298 2867 3884 2949; baseline 0.016 -30"><span class='ocrx_word' id='word_1_569' title='bbox 2298 2867 2464 2935; x_wconf 77' lang='lat' dir='ltr'>gloria</span> <span class='ocrx_word' id='word_1_570' title='bbox 2516 2869 2831 2939; x_wconf 66' lang='lat' dir='ltr'>posthuma,</span> <span class='ocrx_word' id='word_1_571' title='bbox 2888 2874 3078 2928; x_wconf 86' lang='lat' dir='ltr'>decem</span> <span class='ocrx_word' id='word_1_572' title='bbox 3124 2880 3416 2944; x_wconf 75' lang='lat' dir='ltr'>praecipuas</span> <span class='ocrx_word' id='word_1_573' title='bbox 3457 2881 3578 2949; x_wconf 70' lang='lat' dir='ltr'>eius</span> <span class='ocrx_word' id='word_1_574' title='bbox 3617 2897 3710 2939; x_wconf 82' lang='lat' dir='ltr'>ecc</span> <span class='ocrx_word' id='word_1_575' title='bbox 3735 2888 3884 2944; x_wconf 77' lang='lat' dir='ltr'>esias</span> 
     </span>
     <span class='ocr_line' id='line_1_83' title="bbox 2302 2937 3885 3024; baseline 0.015 -35"><span class='ocrx_word' id='word_1_576' title='bbox 2302 2937 2485 2991; x_wconf 78' lang='lat' dir='ltr'>ltomae</span> <span class='ocrx_word' id='word_1_577' title='bbox 2512 2940 2799 2995; x_wconf 82' lang='lat' dir='ltr'>existentes</span> <span class='ocrx_word' id='word_1_578' title='bbox 2829 2942 2898 2996; x_wconf 85' lang='lat' dir='ltr'>ita</span> <span class='ocrx_word' id='word_1_579' title='bbox 2921 2952 3222 3011; x_wconf 87' lang='lat' dir='ltr'>enumerat,</span> <span class='ocrx_word' id='word_1_580' title='bbox 3248 2956 3305 3001; x_wconf 92' lang='lat' dir='ltr'>ut</span> <span class='ocrx_word' id='word_1_581' title='bbox 3334 2948 3502 3017; x_wconf 89' lang='lat' dir='ltr'>prima</span> <span class='ocrx_word' id='word_1_582' title='bbox 3530 2952 3598 3006; x_wconf 84' lang='lat' dir='ltr'>ab</span> <span class='ocrx_word' id='word_1_583' title='bbox 3615 2967 3684 3009; x_wconf 84' lang='lat' dir='ltr'>eo</span> <span class='ocrx_word' id='word_1_584' title='bbox 3711 2970 3885 3024; x_wconf 78' lang='lat' dir='ltr'>pona·</span> 
     </span>
     <span class='ocr_line' id='line_1_84' title="bbox 2302 3006 3885 3085; baseline 0.015 -25"><span class='ocrx_word' id='word_1_585' title='bbox 2302 3015 2389 3060; x_wconf 90' lang='lat' dir='ltr'>tur</span> <span class='ocrx_word' id='word_1_586' title='bbox 2415 3006 2629 3063; x_wconf 84' lang='lat' dir='ltr'>basilica</span> <span class='ocrx_word' id='word_1_587' title='bbox 2660 3010 2713 3063; x_wconf 91' lang='lat' dir='ltr'>in</span> <span class='ocrx_word' id='word_1_588' title='bbox 2742 3025 2870 3079; x_wconf 76' lang='lat' dir='ltr'>agro</span> <span class='ocrx_word' id='word_1_589' title='bbox 2901 3012 3136 3081; x_wconf 82' lang='lat' dir='ltr'>Verane,</span> <span class='ocrx_word' id='word_1_590' title='bbox 3181 3015 3248 3071; x_wconf 90' lang='lat' dir='ltr'>de</span> <span class='ocrx_word' id='word_1_591' title='bbox 3291 3033 3393 3085; x_wconf 83' lang='lat' dir='ltr'>qua</span> <span class='ocrx_word' id='word_1_592' title='bbox 3424 3020 3771 3079; x_wconf 84' lang='lat' dir='ltr'>Prudentium</span> <span class='ocrx_word' id='word_1_593' title='bbox 3804 3028 3885 3082; x_wconf 87' lang='grc' dir='ltr'>Ιο-</span> 
     </span>
     <span class='ocr_line' id='line_1_85' title="bbox 2300 3078 3887 3167; baseline 0.014 -37"><span class='ocrx_word' id='word_1_594' title='bbox 2300 3082 2481 3131; x_wconf 89' lang='lat' dir='ltr'>entum</span> <span class='ocrx_word' id='word_1_595' title='bbox 2510 3078 2797 3144; x_wconf 79' lang='lat' dir='ltr'>exisiimai,</span> <span class='ocrx_word' id='word_1_596' title='bbox 2844 3094 2964 3136; x_wconf 90' lang='lat' dir='ltr'>cum</span> <span class='ocrx_word' id='word_1_597' title='bbox 2993 3083 3044 3137; x_wconf 90' lang='lat' dir='ltr'>in</span> <span class='ocrx_word' id='word_1_598' title='bbox 3073 3098 3136 3138; x_wconf 88' lang='lat' dir='ltr'>ea</span> <span class='ocrx_word' id='word_1_599' title='bbox 3162 3085 3341 3154; x_wconf 74' lang='lat' dir='ltr'>iaceat</span> <span class='ocrx_word' id='word_1_600' title='bbox 3374 3102 3569 3159; x_wconf 84' lang='lat' dir='ltr'>corpus</span> <span class='ocrx_word' id='word_1_601' title='bbox 3591 3091 3648 3148; x_wconf 89' lang='lat' dir='ltr'>S.</span> <span class='ocrx_word' id='word_1_602' title='bbox 3676 3105 3887 3167; x_wconf 79' lang='lat' dir='ltr'>maity·</span> 
     </span>
     <span class='ocr_line' id='line_1_86' title="bbox 2300 3143 3882 3229; baseline 0.014 -29"><span class='ocrx_word' id='word_1_603' title='bbox 2300 3143 2397 3210; x_wconf 89' lang='lat' dir='ltr'>ris,</span> <span class='ocrx_word' id='word_1_604' title='bbox 2411 3146 2640 3201; x_wconf 88' lang='lat' dir='ltr'>secunda</span> <span class='ocrx_word' id='word_1_605' title='bbox 2668 3150 2893 3205; x_wconf 85' lang='lat' dir='ltr'>ecclesia</span> <span class='ocrx_word' id='word_1_606' title='bbox 2922 3153 2980 3208; x_wconf 91' lang='lat' dir='ltr'>S.</span> <span class='ocrx_word' id='word_1_607' title='bbox 3014 3153 3282 3211; x_wconf 82' lang='lat' dir='ltr'>Laurentii</span> <span class='ocrx_word' id='word_1_608' title='bbox 3321 3156 3373 3212; x_wconf 92' lang='lat' dir='ltr'>in</span> <span class='ocrx_word' id='word_1_609' title='bbox 3395 3156 3615 3229; x_wconf 87' lang='lat' dir='ltr'>Lucina,</span> <span class='ocrx_word' id='word_1_610' title='bbox 3641 3166 3802 3220; x_wconf 78' lang='lat' dir='ltr'>tertia</span> <span class='ocrx_word' id='word_1_611' title='bbox 3826 3171 3882 3222; x_wconf 85' lang='lat' dir='ltr'>in</span> 
     </span>
     <span class='ocr_line' id='line_1_87' title="bbox 2301 3214 3888 3295; baseline 0.014 -27"><span class='ocrx_word' id='word_1_612' title='bbox 2301 3214 2550 3283; x_wconf 79' lang='lat' dir='ltr'>Dainaso,</span> <span class='ocrx_word' id='word_1_613' title='bbox 2577 3229 2763 3287; x_wconf 81' lang='lat' dir='ltr'>quarta</span> <span class='ocrx_word' id='word_1_614' title='bbox 2794 3218 2849 3273; x_wconf 95' lang='lat' dir='ltr'>in</span> <span class='ocrx_word' id='word_1_615' title='bbox 2881 3221 3224 3292; x_wconf 72' lang='lat' dir='ltr'>panisperna,</span> <span class='ocrx_word' id='word_1_616' title='bbox 3239 3226 3422 3295; x_wconf 85' lang='lat' dir='ltr'>quinta</span> <span class='ocrx_word' id='word_1_617' title='bbox 3453 3230 3508 3284; x_wconf 90' lang='lat' dir='ltr'>in</span> <span class='ocrx_word' id='word_1_618' title='bbox 3537 3230 3691 3289; x_wconf 75' lang='lat' dir='ltr'>fonte</span> <span class='ocrx_word' id='word_1_619' title='bbox 3711 3235 3783 3289; x_wconf 86' lang='lat' dir='ltr'>ad</span> <span class='ocrx_word' id='word_1_620' title='bbox 3799 3251 3888 3293; x_wconf 84' lang='lat' dir='ltr'>ra-</span> 
     </span>
     <span class='ocr_line' id='line_1_88' title="bbox 2296 3284 3884 3365; baseline 0.016 -27"><span class='ocrx_word' id='word_1_621' title='bbox 2296 3284 2448 3340; x_wconf 86' lang='lat' dir='ltr'>dices</span> <span class='ocrx_word' id='word_1_622' title='bbox 2460 3287 2724 3356; x_wconf 74' lang='lat' dir='ltr'>Esquilini</span> <span class='ocrx_word' id='word_1_623' title='bbox 2752 3292 2966 3355; x_wconf 77' lang='lat' dir='ltr'>montis,</span> <span class='ocrx_word' id='word_1_624' title='bbox 2992 3303 3140 3349; x_wconf 82' lang='lat' dir='ltr'>sexta</span> <span class='ocrx_word' id='word_1_625' title='bbox 3172 3296 3544 3365; x_wconf 82' lang='lat' dir='ltr'>parociiis,ubi</span> <span class='ocrx_word' id='word_1_626' title='bbox 3556 3303 3623 3356; x_wconf 86' lang='lat' dir='ltr'>ad</span> <span class='ocrx_word' id='word_1_627' title='bbox 3637 3317 3884 3363; x_wconf 81' lang='lat' dir='ltr'>montem</span> 
     </span>
     <span class='ocr_line' id='line_1_89' title="bbox 2299 3353 3884 3441; baseline 0.015 -33"><span class='ocrx_word' id='word_1_628' title='bbox 2299 3353 2654 3421; x_wconf 81' lang='lat' dir='ltr'>Capitolinum</span> <span class='ocrx_word' id='word_1_629' title='bbox 2683 3359 2986 3416; x_wconf 82' lang='lat' dir='ltr'>ascenditur</span> <span class='ocrx_word' id='word_1_630' title='bbox 3007 3363 3075 3417; x_wconf 85' lang='lat' dir='ltr'>ab</span> <span class='ocrx_word' id='word_1_631' title='bbox 3097 3365 3340 3421; x_wconf 78' lang='lat' dir='ltr'>orientali</span> <span class='ocrx_word' id='word_1_632' title='bbox 3367 3381 3541 3437; x_wconf 87' lang='lat' dir='ltr'>parte,</span> <span class='ocrx_word' id='word_1_633' title='bbox 3570 3376 3802 3441; x_wconf 74' lang='lat' dir='ltr'>septima</span> <span class='ocrx_word' id='word_1_634' title='bbox 3825 3378 3884 3432; x_wconf 85' lang='lat' dir='ltr'>in</span> 
     </span>
     <span class='ocr_line' id='line_1_90' title="bbox 2302 3424 3887 3505; baseline 0.016 -28"><span class='ocrx_word' id='word_1_635' title='bbox 2302 3424 2538 3479; x_wconf 76' lang='lat' dir='ltr'>Miranda</span> <span class='ocrx_word' id='word_1_636' title='bbox 2565 3427 2702 3493; x_wconf 83' lang='lat' dir='ltr'>apud</span> <span class='ocrx_word' id='word_1_637' title='bbox 2725 3428 2998 3499; x_wconf 81' lang='lat' dir='ltr'>antiquum</span> <span class='ocrx_word' id='word_1_638' title='bbox 3030 3435 3200 3488; x_wconf 85' lang='lat' dir='ltr'>iorum</span> <span class='ocrx_word' id='word_1_639' title='bbox 3232 3434 3553 3505; x_wconf 74' lang='lat' dir='ltr'>Romanum,</span> <span class='ocrx_word' id='word_1_640' title='bbox 3593 3452 3791 3498; x_wconf 79' lang='lat' dir='ltr'>octava</span> <span class='ocrx_word' id='word_1_641' title='bbox 3823 3446 3887 3503; x_wconf 75' lang='lat' dir='ltr'>in</span> 
     </span>
     <span class='ocr_line' id='line_1_91' title="bbox 2301 3492 3888 3570; baseline 0.016 -26"><span class='ocrx_word' id='word_1_642' title='bbox 2301 3492 2497 3563; x_wconf 78' lang='lat' dir='ltr'>Biirgo,</span> <span class='ocrx_word' id='word_1_643' title='bbox 2515 3495 2672 3550; x_wconf 87' lang='lat' dir='ltr'>aliter</span> <span class='ocrx_word' id='word_1_644' title='bbox 2693 3497 2747 3551; x_wconf 91' lang='lat' dir='ltr'>in</span> <span class='ocrx_word' id='word_1_645' title='bbox 2780 3497 3041 3565; x_wconf 82' lang='lat' dir='ltr'>Piscibus,</span> <span class='ocrx_word' id='word_1_646' title='bbox 3067 3519 3204 3558; x_wconf 79' lang='lat' dir='ltr'>iiona</span> <span class='ocrx_word' id='word_1_647' title='bbox 3235 3504 3332 3561; x_wconf 89' lang='lat' dir='ltr'>SS.</span> <span class='ocrx_word' id='word_1_648' title='bbox 3357 3506 3626 3565; x_wconf 87' lang='lat' dir='ltr'>Benedicti</span> <span class='ocrx_word' id='word_1_649' title='bbox 3656 3523 3713 3567; x_wconf 87' lang='lat' dir='ltr'>et</span> <span class='ocrx_word' id='word_1_650' title='bbox 3737 3513 3888 3570; x_wconf 64' lang='lat' dir='ltr'>tnu-</span> 
     </span>
     <span class='ocr_line' id='line_1_92' title="bbox 2300 3565 3883 3649; baseline 0.016 -34"><span class='ocrx_word' id='word_1_651' title='bbox 2300 3565 2459 3618; x_wconf 90' lang='lat' dir='ltr'>rentii</span> <span class='ocrx_word' id='word_1_652' title='bbox 2489 3565 2540 3618; x_wconf 93' lang='lat' dir='ltr'>in</span> <span class='ocrx_word' id='word_1_653' title='bbox 2566 3566 2850 3633; x_wconf 75' lang='lat' dir='ltr'>piscinula,</span> <span class='ocrx_word' id='word_1_654' title='bbox 2895 3570 3099 3626; x_wconf 81' lang='lat' dir='ltr'>decima</span> <span class='ocrx_word' id='word_1_655' title='bbox 3131 3573 3489 3634; x_wconf 56' lang='lat' dir='ltr'>lateranense</span> <span class='ocrx_word' id='word_1_656' title='bbox 3537 3582 3883 3649; x_wconf 70' lang='lat' dir='ltr'>pontificium</span> 
     </span>
     <span class='ocr_line' id='line_1_93' title="bbox 2299 3635 3888 3713; baseline 0.017 -29"><span class='ocrx_word' id='word_1_657' title='bbox 2299 3635 2614 3701; x_wconf 86' lang='lat' dir='ltr'>oratorium,</span> <span class='ocrx_word' id='word_1_658' title='bbox 2661 3637 2774 3692; x_wconf 83' lang='lat' dir='ltr'>sive</span> <span class='ocrx_word' id='word_1_659' title='bbox 2815 3642 3008 3705; x_wconf 3' lang='lat' dir='ltr'>Spaneta</span> <span class='ocrx_word' id='word_1_660' title='bbox 3038 3642 3379 3700; x_wconf 80' lang='lat' dir='ltr'>Sanctorum.</span> <span class='ocrx_word' id='word_1_661' title='bbox 3419 3648 3496 3704; x_wconf 85' lang='lat' dir='ltr'>De</span> <span class='ocrx_word' id='word_1_662' title='bbox 3534 3650 3636 3707; x_wconf 85' lang='lat' dir='ltr'>hoc</span> <span class='ocrx_word' id='word_1_663' title='bbox 3674 3657 3888 3713; x_wconf 82' lang='lat' dir='ltr'>sacello</span> 
     </span>
     <span class='ocr_line' id='line_1_94' title="bbox 2303 3702 3878 3783; baseline 0.02 -31"><span class='ocrx_word' id='word_1_664' title='bbox 2303 3702 2575 3769; x_wconf 86' lang='lat' dir='ltr'>pontilicio</span> <span class='ocrx_word' id='word_1_665' title='bbox 2604 3705 2708 3760; x_wconf 86' lang='lat' dir='ltr'>vidi</span> <span class='ocrx_word' id='word_1_666' title='bbox 2737 3706 2973 3763; x_wconf 85' lang='lat' dir='ltr'>libellum</span> <span class='ocrx_word' id='word_1_667' title='bbox 3003 3713 3264 3768; x_wconf 88' lang='lat' dir='ltr'>eruditum</span> <span class='ocrx_word' id='word_1_668' title='bbox 3302 3715 3422 3771; x_wconf 82' lang='lat' dir='ltr'>‹tett’</span> <span class='ocrx_word' id='word_1_669' title='bbox 3449 3718 3689 3775; x_wconf 74' lang='lat' dir='ltr'>oratorio</span> <span class='ocrx_word' id='word_1_670' title='bbox 3714 3726 3773 3777; x_wconf 79' lang='lat' dir='ltr'>di</span> <span class='ocrx_word' id='word_1_671' title='bbox 3805 3726 3878 3783; x_wconf 87' lang='lat' dir='ltr'>S.</span> 
     </span>
     <span class='ocr_line' id='line_1_95' title="bbox 2303 3770 3886 3859; baseline 0.016 -37"><span class='ocrx_word' id='word_1_672' title='bbox 2303 3770 2530 3826; x_wconf 80' lang='lat' dir='ltr'>Lorenzo</span> <span class='ocrx_word' id='word_1_673' title='bbox 2559 3778 2641 3828; x_wconf 80' lang='lat' dir='ltr'>net</span> <span class='ocrx_word' id='word_1_674' title='bbox 2670 3774 2946 3845; x_wconf 78' lang='lat' dir='ltr'>Laterano,</span> <span class='ocrx_word' id='word_1_675' title='bbox 2976 3780 3127 3852; x_wconf 61' lang='lat'><strong><em>‘²⁰99‘</em></strong></span> <span class='ocrx_word' id='word_1_676' title='bbox 3156 3783 3295 3838; x_wconf 81' lang='lat' dir='ltr'>detto</span> <span class='ocrx_word' id='word_1_677' title='bbox 3321 3784 3517 3843; x_wconf 65' lang='lat' dir='ltr'>sancia</span> <span class='ocrx_word' id='word_1_678' title='bbox 3536 3789 3886 3859; x_wconf 65' lang='lat' dir='ltr'>Sanctorum,</span> 
     </span>
     <span class='ocr_line' id='line_1_96' title="bbox 2300 3842 3891 3923; baseline 0.019 -31"><span class='ocrx_word' id='word_1_679' title='bbox 2300 3842 2531 3896; x_wconf 53' lang='lat' dir='ltr'>diicorso</span> <span class='ocrx_word' id='word_1_680' title='bbox 2555 3845 2609 3897; x_wconf 78' lang='lat' dir='ltr'>dt</span> <span class='ocrx_word' id='word_1_681' title='bbox 2631 3842 2909 3902; x_wconf 79' lang='lat' dir='ltr'>Benedeuo</span> <span class='ocrx_word' id='word_1_682' title='bbox 2936 3847 3164 3905; x_wconf 70' lang='lat' dir='ltr'>Minnio.</span> <span class='ocrx_word' id='word_1_683' title='bbox 3208 3854 3393 3910; x_wconf 75' lang='lat' dir='ltr'>Rom-‘e</span> <span class='ocrx_word' id='word_1_684' title='bbox 3429 3857 3588 3914; x_wconf 80' lang='lat'><strong>¹666.</strong></span> <span class='ocrx_word' id='word_1_685' title='bbox 3633 3859 3711 3917; x_wconf 83' lang='lat' dir='ltr'>De</span> <span class='ocrx_word' id='word_1_686' title='bbox 3750 3866 3891 3923; x_wconf 69' lang='lat' dir='ltr'>altis</span> 
     </span>
     <span class='ocr_line' id='line_1_97' title="bbox 2299 3911 3891 3995; baseline 0.018 -31"><span class='ocrx_word' id='word_1_687' title='bbox 2299 3911 2664 3968; x_wconf 85' lang='lat' dir='ltr'>celeberrimis</span> <span class='ocrx_word' id='word_1_688' title='bbox 2691 3918 2899 3986; x_wconf 87' lang='lat' dir='ltr'>templis</span> <span class='ocrx_word' id='word_1_689' title='bbox 2920 3917 2980 3976; x_wconf 87' lang='lat' dir='ltr'>S.</span> <span class='ocrx_word' id='word_1_690' title='bbox 3003 3919 3294 3991; x_wconf 84' lang='lat' dir='ltr'>Laurentii,</span> <span class='ocrx_word' id='word_1_691' title='bbox 3327 3930 3618 3995; x_wconf 78' lang='lat' dir='ltr'>proeseriim</span> <span class='ocrx_word' id='word_1_692' title='bbox 3639 3931 3682 3986; x_wconf 79' lang='lat' dir='ltr'><strong>F</strong></span> <span class='ocrx_word' id='word_1_693' title='bbox 3703 3948 3891 3991; x_wconf 82' lang='lat' dir='ltr'>oren-</span> 
     </span>
     <span class='ocr_line' id='line_1_98' title="bbox 2303 3979 3895 4072; baseline 0.021 -41"><span class='ocrx_word' id='word_1_694' title='bbox 2303 3979 2415 4033; x_wconf 90' lang='lat' dir='ltr'>tino</span> <span class='ocrx_word' id='word_1_695' title='bbox 2445 3991 2499 4036; x_wconf 89' lang='lat' dir='ltr'>et</span> <span class='ocrx_word' id='word_1_696' title='bbox 2526 3982 2844 4043; x_wconf 86' lang='lat' dir='ltr'>Scorialensi</span> <span class='ocrx_word' id='word_1_697' title='bbox 2891 4000 3053 4072; x_wconf 69' lang='lat' dir='ltr'>agunt</span> <span class='ocrx_word' id='word_1_698' title='bbox 3079 3991 3405 4051; x_wconf 82' lang='lat' dir='ltr'>Bollandiani</span> <span class='ocrx_word' id='word_1_699' title='bbox 3456 3998 3548 4070; x_wconf 68' lang='lat' dir='ltr'>§AE</span> <span class='ocrx_word' id='word_1_700' title='bbox 3587 4005 3655 4057; x_wconf 80' lang='lat' dir='ltr'>ite</span> <span class='ocrx_word' id='word_1_701' title='bbox 3680 4002 3895 4063; x_wconf 68' lang='lat' dir='ltr'>Gioria</span> 
     </span>
     <span class='ocr_line' id='line_1_99' title="bbox 2305 4053 3893 4135; baseline 0.021 -35"><span class='ocrx_word' id='word_1_702' title='bbox 2305 4053 2583 4116; x_wconf 75' lang='lat' dir='ltr'>posthuma</span> <span class='ocrx_word' id='word_1_703' title='bbox 2611 4055 2666 4110; x_wconf 87' lang='lat' dir='ltr'>S.</span> <span class='ocrx_word' id='word_1_704' title='bbox 2700 4056 2990 4126; x_wconf 79' lang='lat' dir='ltr'>Laurentii,</span> <span class='ocrx_word' id='word_1_705' title='bbox 3029 4068 3084 4115; x_wconf 90' lang='lat' dir='ltr'>et</span> <span class='ocrx_word' id='word_1_706' title='bbox 3124 4062 3265 4119; x_wconf 86' lang='lat' dir='ltr'>idem</span> <span class='ocrx_word' id='word_1_707' title='bbox 3294 4062 3524 4135; x_wconf 82' lang='lat' dir='ltr'>ignatius</span> <span class='ocrx_word' id='word_1_708' title='bbox 3551 4068 3742 4135; x_wconf 85' lang='lat' dir='ltr'>Come.</span> <span class='ocrx_word' id='word_1_709' title='bbox 3782 4078 3893 4134; x_wconf 80' lang='lat' dir='ltr'>ubi</span> 
     </span>
     <span class='ocr_line' id='line_1_100' title="bbox 2302 4122 3893 4206; baseline 0.018 -33"><span class='ocrx_word' id='word_1_710' title='bbox 2302 4134 2422 4187; x_wconf 58' lang='lat' dir='ltr'>caup.</span> <span class='ocrx_word' id='word_1_711' title='bbox 2446 4122 2479 4177; x_wconf 83' lang='lat'>5</span> <span class='ocrx_word' id='word_1_712' title='bbox 2503 4124 2753 4180; x_wconf 89' lang='lat' dir='ltr'>cramben</span> <span class='ocrx_word' id='word_1_713' title='bbox 2783 4129 2852 4183; x_wconf 90' lang='lat' dir='ltr'>ab</span> <span class='ocrx_word' id='word_1_714' title='bbox 2878 4130 3078 4185; x_wconf 67' lang='lat' dir='ltr'>exteris</span> <span class='ocrx_word' id='word_1_715' title='bbox 3107 4135 3310 4191; x_wconf 90' lang='lat' dir='ltr'>centies</span> <span class='ocrx_word' id='word_1_716' title='bbox 3335 4140 3634 4206; x_wconf 83' lang='lat' dir='ltr'>repetitam,</span> <span class='ocrx_word' id='word_1_717' title='bbox 3661 4158 3728 4200; x_wconf 87' lang='lat' dir='ltr'>ac</span> <span class='ocrx_word' id='word_1_718' title='bbox 3748 4147 3893 4201; x_wconf 83' lang='lat' dir='ltr'>mil-</span> 
     </span>
     <span class='ocr_line' id='line_1_101' title="bbox 2305 4190 3896 4271; baseline 0.019 -32"><span class='ocrx_word' id='word_1_719' title='bbox 2305 4190 2399 4269; x_wconf 76' lang='lat' dir='ltr'>lies</span> <span class='ocrx_word' id='word_1_720' title='bbox 2427 4191 2493 4246; x_wconf 91' lang='lat' dir='ltr'>ab</span> <span class='ocrx_word' id='word_1_721' title='bbox 2509 4190 2758 4260; x_wconf 77' lang='lat' dir='ltr'>Hispanis</span> <span class='ocrx_word' id='word_1_722' title='bbox 2782 4199 3059 4267; x_wconf 83' lang='lat' dir='ltr'>rejectam,</span> <span class='ocrx_word' id='word_1_723' title='bbox 3089 4204 3312 4271; x_wconf 82' lang='lat' dir='ltr'>prosert,</span> <span class='ocrx_word' id='word_1_724' title='bbox 3342 4208 3550 4263; x_wconf 85' lang='lat' dir='ltr'>scilicet</span> <span class='ocrx_word' id='word_1_725' title='bbox 3580 4210 3751 4267; x_wconf 76' lang='lat' dir='ltr'>Fusio</span> <span class='ocrx_word' id='word_1_726' title='bbox 3781 4232 3896 4270; x_wconf 73' lang='lat' dir='ltr'>ar-</span> 
     </span>
     <span class='ocr_line' id='line_1_102' title="bbox 2297 4259 3897 4346; baseline 0.019 -34"><span class='ocrx_word' id='word_1_727' title='bbox 2297 4259 2530 4315; x_wconf 87' lang='lat' dir='ltr'>clntecto</span> <span class='ocrx_word' id='word_1_728' title='bbox 2560 4262 2840 4322; x_wconf 87' lang='lat' dir='ltr'>Parisiensi</span> <span class='ocrx_word' id='word_1_729' title='bbox 2880 4273 3329 4329; x_wconf 82' lang='lat' dir='ltr'>e‹·nstructionem</span> <span class='ocrx_word' id='word_1_730' title='bbox 3372 4278 3489 4346; x_wconf 70' lang='lat' dir='ltr'>eius</span> <span class='ocrx_word' id='word_1_731' title='bbox 3520 4278 3744 4338; x_wconf 70' lang='lat' dir='ltr'>{abricae</span> <span class='ocrx_word' id='word_1_732' title='bbox 3782 4287 3897 4342; x_wconf 86' lang='lat' dir='ltr'>de-</span> 
     </span>
     <span class='ocr_line' id='line_1_103' title="bbox 2305 4328 3895 4417; baseline 0.019 -36"><span class='ocrx_word' id='word_1_733' title='bbox 2305 4328 2436 4383; x_wconf 87' lang='lat' dir='ltr'>beri.</span> <span class='ocrx_word' id='word_1_734' title='bbox 2466 4331 2820 4392; x_wconf 81' lang='lat' dir='ltr'>Monumentis</span> <span class='ocrx_word' id='word_1_735' title='bbox 2845 4339 3153 4397; x_wconf 84' lang='lat' dir='ltr'>certissimis</span> <span class='ocrx_word' id='word_1_736' title='bbox 3189 4353 3403 4401; x_wconf 84' lang='lat' dir='ltr'>constat</span> <span class='ocrx_word' id='word_1_737' title='bbox 3427 4349 3656 4417; x_wconf 89' lang='lat' dir='ltr'>primum</span> <span class='ocrx_word' id='word_1_738' title='bbox 3685 4356 3895 4411; x_wconf 78' lang='lat' dir='ltr'>archi-</span> 
     </span>
     <span class='ocr_line' id='line_1_104' title="bbox 2229 4401 3898 4484; baseline 0.02 -35"><span class='ocrx_word' id='word_1_739' title='bbox 2229 4402 2275 4462; x_wconf 77' lang='lat'>1)</span> <span class='ocrx_word' id='word_1_740' title='bbox 2307 4406 2338 4450; x_wconf 83' lang='lat' dir='ltr'>t·</span> <span class='ocrx_word' id='word_1_741' title='bbox 2358 4407 2500 4453; x_wconf 90' lang='lat' dir='ltr'>ctum</span> <span class='ocrx_word' id='word_1_742' title='bbox 2529 4401 2689 4458; x_wconf 81' lang='lat' dir='ltr'>inisse</span> <span class='ocrx_word' id='word_1_743' title='bbox 2717 4403 2827 4460; x_wconf 71' lang='lat' dir='ltr'>Joav</span> <span class='ocrx_word' id='word_1_744' title='bbox 2852 4422 2907 4461; x_wconf 86' lang='lat' dir='ltr'>n.</span> <span class='ocrx_word' id='word_1_745' title='bbox 2934 4409 3222 4478; x_wconf 82' lang='lat' dir='ltr'>Baptistam</span> <span class='ocrx_word' id='word_1_746' title='bbox 3251 4414 3320 4470; x_wconf 89' lang='lat' dir='ltr'>de</span> <span class='ocrx_word' id='word_1_747' title='bbox 3347 4416 3568 4484; x_wconf 80' lang='lat' dir='ltr'>Tuledo,</span> <span class='ocrx_word' id='word_1_748' title='bbox 3597 4420 3898 4483; x_wconf 71' lang='lat' dir='ltr'>loannem</span> 
     </span>
     <span class='ocr_line' id='line_1_105' title="bbox 2305 4466 3898 4570; baseline 0.019 -51"><span class='ocrx_word' id='word_1_749' title='bbox 2305 4466 2528 4524; x_wconf 86' lang='lat' dir='ltr'>llerrera</span> <span class='ocrx_word' id='word_1_750' title='bbox 2555 4486 2671 4538; x_wconf 71' lang='lat' dir='ltr'>ems</span> <span class='ocrx_word' id='word_1_751' title='bbox 2697 4474 3006 4545; x_wconf 87' lang='lat' dir='ltr'>discipulum</span> <span class='ocrx_word' id='word_1_752' title='bbox 3023 4495 3273 4550; x_wconf 78' lang='lat' dir='ltr'>magnam</span> <span class='ocrx_word' id='word_1_753' title='bbox 3297 4492 3476 4554; x_wconf 85' lang='lat' dir='ltr'>operis</span> <span class='ocrx_word' id='word_1_754' title='bbox 3502 4504 3699 4570; x_wconf 77' lang='lat' dir='ltr'>partein</span> <span class='ocrx_word' id='word_1_755' title='bbox 3733 4509 3898 4563; x_wconf 79' lang='lat' dir='ltr'>per·</span> 
     </span>
     <span class='ocr_line' id='line_1_106' title="bbox 2303 4535 3902 4630; baseline 0.021 -41"><span class='ocrx_word' id='word_1_756' title='bbox 2303 4535 2513 4593; x_wconf 85' lang='lat' dir='ltr'>secisse.</span> <span class='ocrx_word' id='word_1_757' title='bbox 2548 4541 2621 4594; x_wconf 82' lang='lat' dir='ltr'>De</span> <span class='ocrx_word' id='word_1_758' title='bbox 2648 4543 2763 4598; x_wconf 80' lang='lat' dir='ltr'>aliis</span> <span class='ocrx_word' id='word_1_759' title='bbox 2787 4561 2914 4601; x_wconf 88' lang='lat' dir='ltr'>vero</span> <span class='ocrx_word' id='word_1_760' title='bbox 2938 4553 3181 4606; x_wconf 78' lang='lat' dir='ltr'>ecelesiis</span> <span class='ocrx_word' id='word_1_761' title='bbox 3194 4554 3252 4607; x_wconf 81' lang='lat' dir='ltr'>S.</span> <span class='ocrx_word' id='word_1_762' title='bbox 3272 4554 3565 4627; x_wconf 78' lang='lat' dir='ltr'>Laurentii,</span> <span class='ocrx_word' id='word_1_763' title='bbox 3587 4577 3704 4630; x_wconf 65' lang='lat' dir='ltr'>quai</span> <span class='ocrx_word' id='word_1_764' title='bbox 3731 4569 3902 4623; x_wconf 82' lang='lat' dir='ltr'>otim</span> 
     </span>
     <span class='ocr_line' id='line_1_107' title="bbox 2298 4604 3902 4704; baseline 0.021 -45"><span class='ocrx_word' id='word_1_765' title='bbox 2298 4604 2480 4661; x_wconf 70' lang='lat' dir='ltr'>Romae</span> <span class='ocrx_word' id='word_1_766' title='bbox 2508 4613 2802 4678; x_wconf 67' lang='lat' dir='ltr'>exstabant,</span> <span class='ocrx_word' id='word_1_767' title='bbox 2835 4618 3001 4672; x_wconf 85' lang='lat' dir='ltr'>videri</span> <span class='ocrx_word' id='word_1_768' title='bbox 3031 4628 3204 4686; x_wconf 82' lang='lat' dir='ltr'>potest</span> <span class='ocrx_word' id='word_1_769' title='bbox 3230 4623 3596 4684; x_wconf 61' lang='lat' dir='ltr'>Mantinellius.</span> <span class='ocrx_word' id='word_1_770' title='bbox 3624 4630 3902 4704; x_wconf 68' lang='lat' dir='ltr'>Excepta</span> 
     </span>
    </p>
   </div>
   <div class='ocr_carea' id='block_1_14' title="bbox 2293 4676 3904 4825">
    <p class='ocr_par' dir='ltr' id='par_1_14' title="bbox 2293 4676 3904 4825">
     <span class='ocr_line' id='line_1_108' title="bbox 2293 4676 3904 4764; baseline 0.022 -36"><span class='ocrx_word' id='word_1_771' title='bbox 2293 4676 2435 4730; x_wconf 85' lang='lat' dir='ltr'>enim</span> <span class='ocrx_word' id='word_1_772' title='bbox 2469 4678 2710 4750; x_wconf 62' lang='lat' dir='ltr'>Daipara,</span> <span class='ocrx_word' id='word_1_773' title='bbox 2761 4684 2935 4742; x_wconf 73' lang='lat' dir='ltr'>nullus</span> <span class='ocrx_word' id='word_1_774' title='bbox 2969 4689 3179 4743; x_wconf 80' lang='lat' dir='ltr'>videtur</span> <span class='ocrx_word' id='word_1_775' title='bbox 3219 4694 3381 4750; x_wconf 68' lang='lat' dir='ltr'>tuisse</span> <span class='ocrx_word' id='word_1_776' title='bbox 3407 4710 3622 4755; x_wconf 81' lang='lat' dir='ltr'>sanctus</span> <span class='ocrx_word' id='word_1_777' title='bbox 3658 4707 3758 4759; x_wconf 78' lang='lat' dir='ltr'>eui</span> <span class='ocrx_word' id='word_1_778' title='bbox 3801 4715 3904 4764; x_wconf 72' lang='lat' dir='ltr'>tot</span> 
     </span>
     <span class='ocr_line' id='line_1_109' title="bbox 2293 4744 3271 4825; baseline 0.018 -28"><span class='ocrx_word' id='word_1_779' title='bbox 2293 4744 2474 4801; x_wconf 75' lang='lat' dir='ltr'>liunt-‘e</span> <span class='ocrx_word' id='word_1_780' title='bbox 2499 4762 2803 4807; x_wconf 82' lang='lat' dir='ltr'>consecrata</span> <span class='ocrx_word' id='word_1_781' title='bbox 2834 4755 3026 4811; x_wconf 84' lang='lat' dir='ltr'>inerint</span> <span class='ocrx_word' id='word_1_782' title='bbox 3054 4763 3271 4825; x_wconf 71' lang='lat' dir='ltr'>templa.</span> 
     </span>
    </p>
   </div>
   <div class='ocr_carea' id='block_1_15' title="bbox 2245 4814 3926 5676">
    <p class='ocr_par' dir='ltr' id='par_1_15' title="bbox 2278 4814 3912 5322">
     <span class='ocr_line' id='line_1_110' title="bbox 2359 4814 3906 4910; baseline 0.021 -40"><span class='ocrx_word' id='word_1_783' title='bbox 2359 4814 2481 4872; x_wconf 72' lang='lat'><strong>529.</strong></span> <span class='ocrx_word' id='word_1_784' title='bbox 2525 4817 2705 4888; x_wconf 86' lang='lat' dir='ltr'>Fabr.,</span> <span class='ocrx_word' id='word_1_785' title='bbox 2754 4821 2902 4890; x_wconf 87' lang='lat' dir='ltr'>Gis.,</span> <span class='ocrx_word' id='word_1_786' title='bbox 2932 4837 3206 4898; x_wconf 78' lang='lat' dir='ltr'>quaterque</span> <span class='ocrx_word' id='word_1_787' title='bbox 3236 4848 3267 4885; x_wconf 88' lang='grc' dir='ltr'><strong>ο</strong></span> <span class='ocrx_word' id='word_1_788' title='bbox 3309 4835 3512 4905; x_wconf 79' lang='lat' dir='ltr'>septies.</span> <span class='ocrx_word' id='word_1_789' title='bbox 3550 4837 3841 4910; x_wconf 77' lang='lat' dir='ltr'>Virgilius</span> <span class='ocrx_word' id='word_1_790' title='bbox 3882 4864 3906 4906; x_wconf 78' lang='lat' dir='ltr'>s</span> 
     </span>
     <span class='ocr_line' id='line_1_111' title="bbox 2286 4880 3906 4973; baseline 0.022 -36"><span class='ocrx_word' id='word_1_791' title='bbox 2286 4880 2414 4940; x_wconf 88' lang='lat' dir='ltr'>AEn.</span> <span class='ocrx_word' id='word_1_792' title='bbox 2447 4888 2491 4940; x_wconf 85' lang='lat'><em>0</em></span> <span class='ocrx_word' id='word_1_793' title='bbox 2519 4898 2687 4958; x_wconf 81' lang='lat' dir='ltr'>terque</span> <span class='ocrx_word' id='word_1_794' title='bbox 2719 4903 2988 4966; x_wconf 80' lang='lat' dir='ltr'>quaterque</span> <span class='ocrx_word' id='word_1_795' title='bbox 3015 4898 3167 4952; x_wconf 75' lang='lat' dir='ltr'>beati.</span> <span class='ocrx_word' id='word_1_796' title='bbox 3214 4901 3523 4973; x_wconf 81' lang='lat' dir='ltr'>liujnsmodi</span> <span class='ocrx_word' id='word_1_797' title='bbox 3553 4908 3906 4970; x_wconf 70' lang='lat' dir='ltr'>invocatio-</span> 
     </span>
     <span class='ocr_line' id='line_1_112' title="bbox 2287 4958 3911 5044; baseline 0.024 -39"><span class='ocrx_word' id='word_1_798' title='bbox 2287 4968 2410 5007; x_wconf 87' lang='lat' dir='ltr'>num</span> <span class='ocrx_word' id='word_1_799' title='bbox 2443 4958 2580 5025; x_wconf 84' lang='lat' dir='ltr'>pleni</span> <span class='ocrx_word' id='word_1_800' title='bbox 2610 4971 2733 5015; x_wconf 87' lang='lat' dir='ltr'>sunt</span> <span class='ocrx_word' id='word_1_801' title='bbox 2776 4965 2954 5034; x_wconf 82' lang='lat' dir='ltr'>liymni</span> <span class='ocrx_word' id='word_1_802' title='bbox 2987 4967 3284 5039; x_wconf 57' lang='lat' dir='ltr'>*Prudentii,</span> <span class='ocrx_word' id='word_1_803' title='bbox 3316 4976 3392 5029; x_wconf 87' lang='lat' dir='ltr'>uti</span> <span class='ocrx_word' id='word_1_804' title='bbox 3422 4977 3582 5031; x_wconf 62' lang='lat' dir='ltr'>etim</span> <span class='ocrx_word' id='word_1_805' title='bbox 3610 4988 3911 5044; x_wconf 68' lang='lat' dir='ltr'>carmina</span> 
     </span>
     <span class='ocr_line' id='line_1_113' title="bbox 2285 5021 3907 5121; baseline 0.022 -47"><span class='ocrx_word' id='word_1_806' title='bbox 2285 5021 2495 5081; x_wconf 83' lang='lat' dir='ltr'>Damasi</span> <span class='ocrx_word' id='word_1_807' title='bbox 2523 5068 2537 5091; x_wconf 91' lang='lat'>‚</span> <span class='ocrx_word' id='word_1_808' title='bbox 2567 5028 2772 5086; x_wconf 80' lang='lat' dir='ltr'>Paulini</span> <span class='ocrx_word' id='word_1_809' title='bbox 2817 5045 2872 5089; x_wconf 88' lang='lat' dir='ltr'>et</span> <span class='ocrx_word' id='word_1_810' title='bbox 2909 5034 3155 5093; x_wconf 86' lang='lat' dir='ltr'>aliorum.</span> <span class='ocrx_word' id='word_1_811' title='bbox 3195 5042 3375 5111; x_wconf 79' lang='lat' dir='ltr'>Neque</span> <span class='ocrx_word' id='word_1_812' title='bbox 3399 5059 3529 5101; x_wconf 87' lang='lat' dir='ltr'>vero</span> <span class='ocrx_word' id='word_1_813' title='bbox 3558 5051 3668 5104; x_wconf 72' lang='lat' dir='ltr'>baee</span> <span class='ocrx_word' id='word_1_814' title='bbox 3696 5059 3907 5121; x_wconf 71' lang='lat' dir='ltr'>parvi</span> 
     </span>
     <span class='ocr_line' id='line_1_114' title="bbox 2283 5098 3909 5188; baseline 0.023 -44"><span class='ocrx_word' id='word_1_815' title='bbox 2283 5105 2406 5147; x_wconf 89' lang='lat' dir='ltr'>sunt</span> <span class='ocrx_word' id='word_1_816' title='bbox 2436 5098 2696 5161; x_wconf 82' lang='lat' dir='ltr'>facienda,</span> <span class='ocrx_word' id='word_1_817' title='bbox 2724 5104 2873 5171; x_wconf 83' lang='lat' dir='ltr'>quasi</span> <span class='ocrx_word' id='word_1_818' title='bbox 2901 5119 2929 5157; x_wconf 90' lang='lat' dir='ltr'>a</span> <span class='ocrx_word' id='word_1_819' title='bbox 2959 5109 3127 5174; x_wconf 88' lang='lat' dir='ltr'>poetis</span> <span class='ocrx_word' id='word_1_820' title='bbox 3151 5109 3420 5181; x_wconf 84' lang='lat' dir='ltr'>dicantur;</span> <span class='ocrx_word' id='word_1_821' title='bbox 3462 5118 3555 5170; x_wconf 85' lang='lat' dir='ltr'>sed</span> <span class='ocrx_word' id='word_1_822' title='bbox 3585 5128 3793 5188; x_wconf 67' lang='lat' dir='ltr'>porus</span> <span class='ocrx_word' id='word_1_823' title='bbox 3835 5129 3909 5183; x_wconf 79' lang='lat' dir='ltr'>in</span> 
     </span>
     <span class='ocr_line' id='line_1_115' title="bbox 2282 5169 3912 5258; baseline 0.021 -43"><span class='ocrx_word' id='word_1_824' title='bbox 2282 5169 2584 5233; x_wconf 79' lang='lat' dir='ltr'>exemplum</span> <span class='ocrx_word' id='word_1_825' title='bbox 2614 5171 2802 5225; x_wconf 82' lang='lat' dir='ltr'>adduci</span> <span class='ocrx_word' id='word_1_826' title='bbox 2831 5172 3024 5229; x_wconf 81' lang='lat' dir='ltr'>debent</span> <span class='ocrx_word' id='word_1_827' title='bbox 3046 5217 3061 5240; x_wconf 90' lang='lat'>,</span> <span class='ocrx_word' id='word_1_828' title='bbox 3106 5181 3245 5247; x_wconf 83' lang='lat' dir='ltr'>quod</span> <span class='ocrx_word' id='word_1_829' title='bbox 3274 5185 3322 5236; x_wconf 91' lang='lat' dir='ltr'>in</span> <span class='ocrx_word' id='word_1_830' title='bbox 3352 5185 3582 5241; x_wconf 78' lang='lat' dir='ltr'>eoeiibus</span> <span class='ocrx_word' id='word_1_831' title='bbox 3617 5195 3912 5258; x_wconf 68' lang='lat' dir='ltr'>publicis</span> 
     </span>
     <span class='ocr_line' id='line_1_116' title="bbox 2278 5232 3906 5322; baseline 0.022 -38"><span class='ocrx_word' id='word_1_832' title='bbox 2278 5232 2627 5292; x_wconf 83' lang='lat' dir='ltr'>ecclesiarum</span> <span class='ocrx_word' id='word_1_833' title='bbox 2671 5242 2787 5296; x_wconf 86' lang='lat' dir='ltr'>cani</span> <span class='ocrx_word' id='word_1_834' title='bbox 2832 5245 3084 5302; x_wconf 85' lang='lat' dir='ltr'>solerent.</span> <span class='ocrx_word' id='word_1_835' title='bbox 3134 5248 3431 5320; x_wconf 69' lang='lat' dir='ltr'>Responsio</span> <span class='ocrx_word' id='word_1_836' title='bbox 3469 5256 3906 5322; x_wconf 73' lang='lat' dir='ltr'>haeretieorum</span> 
     </span>
    </p>

    <p class='ocr_par' dir='ltr' id='par_1_16' title="bbox 2245 5308 3926 5676">
     <span class='ocr_line' id='line_1_117' title="bbox 2245 5308 3914 5398; baseline 0.023 -45"><span class='ocrx_word' id='word_1_837' title='bbox 2245 5315 2430 5368; x_wconf 83' lang='lat' dir='ltr'>-quam</span> <span class='ocrx_word' id='word_1_838' title='bbox 2485 5316 2554 5360; x_wconf 87' lang='lat' dir='ltr'>sit</span> <span class='ocrx_word' id='word_1_839' title='bbox 2600 5308 2775 5377; x_wconf 84' lang='lat' dir='ltr'>inepta</span> <span class='ocrx_word' id='word_1_840' title='bbox 2824 5321 2880 5367; x_wconf 89' lang='lat' dir='ltr'>et</span> <span class='ocrx_word' id='word_1_841' title='bbox 2907 5313 3188 5384; x_wconf 88' lang='lat' dir='ltr'>impudens</span> <span class='ocrx_word' id='word_1_842' title='bbox 3210 5360 3225 5384; x_wconf 90' lang='lat'>,</span> <span class='ocrx_word' id='word_1_843' title='bbox 3257 5322 3449 5394; x_wconf 82' lang='lat' dir='ltr'>collige</span> <span class='ocrx_word' id='word_1_844' title='bbox 3477 5340 3546 5380; x_wconf 80' lang='lat' dir='ltr'>ex</span> <span class='ocrx_word' id='word_1_845' title='bbox 3572 5328 3914 5398; x_wconf 74' lang='lat' dir='ltr'>Sagittarii</span> 
     </span>
     <span class='ocr_line' id='line_1_118' title="bbox 2271 5372 3919 5465; baseline 0.022 -43"><span class='ocrx_word' id='word_1_846' title='bbox 2271 5372 2451 5428; x_wconf 84' lang='lat' dir='ltr'>verbis</span> <span class='ocrx_word' id='word_1_847' title='bbox 2489 5375 2559 5431; x_wconf 90' lang='lat' dir='ltr'>de</span> <span class='ocrx_word' id='word_1_848' title='bbox 2583 5378 2872 5449; x_wconf 84' lang='lat' dir='ltr'>Martyrum</span> <span class='ocrx_word' id='word_1_849' title='bbox 2918 5384 3180 5442; x_wconf 84' lang='lat' dir='ltr'>Natalitiis</span> <span class='ocrx_word' id='word_1_850' title='bbox 3207 5405 3325 5460; x_wconf 88' lang='lat' dir='ltr'>cap.</span> <span class='ocrx_word' id='word_1_851' title='bbox 3353 5396 3404 5458; x_wconf 86' lang='lat'>5,</span> <span class='ocrx_word' id='word_1_852' title='bbox 3440 5410 3586 5451; x_wconf 87' lang='lat' dir='ltr'>num.</span> <span class='ocrx_word' id='word_1_853' title='bbox 3620 5401 3695 5452; x_wconf 67' lang='lat'>42</span> <span class='ocrx_word' id='word_1_854' title='bbox 3719 5418 3742 5465; x_wconf 86' lang='lat'><em>;</em></span> <span class='ocrx_word' id='word_1_855' title='bbox 3803 5410 3919 5459; x_wconf 78' lang='lat' dir='ltr'>si-</span> 
     </span>
     <span class='ocr_line' id='line_1_119' title="bbox 2266 5441 3918 5533; baseline 0.025 -45"><span class='ocrx_word' id='word_1_856' title='bbox 2266 5441 2478 5523; x_wconf 76' lang='lat' dir='ltr'>qnidem</span> <span class='ocrx_word' id='word_1_857' title='bbox 2527 5462 2628 5501; x_wconf 91' lang='lat' dir='ltr'>non</span> <span class='ocrx_word' id='word_1_858' title='bbox 2673 5449 2945 5508; x_wconf 85' lang='lat' dir='ltr'>erubescit</span> <span class='ocrx_word' id='word_1_859' title='bbox 2987 5453 3256 5514; x_wconf 81' lang='lat' dir='ltr'>affirmare</span> <span class='ocrx_word' id='word_1_860' title='bbox 3279 5502 3295 5525; x_wconf 86' lang='lat'>,</span> <span class='ocrx_word' id='word_1_861' title='bbox 3327 5466 3468 5533; x_wconf 81' lang='lat' dir='ltr'>quod</span> <span class='ocrx_word' id='word_1_862' title='bbox 3499 5464 3598 5520; x_wconf 79' lang='lat' dir='ltr'>His</span> <span class='ocrx_word' id='word_1_863' title='bbox 3630 5477 3918 5532; x_wconf 67' lang='lat' dir='ltr'>uec-nte·-</span> 
     </span>
     <span class='ocr_line' id='line_1_120' title="bbox 2265 5510 3926 5600; baseline 0.023 -40"><span class='ocrx_word' id='word_1_864' title='bbox 2265 5510 2395 5564; x_wconf 78' lang='lat' dir='ltr'>nulli</span> <span class='ocrx_word' id='word_1_865' title='bbox 2420 5526 2586 5570; x_wconf 77' lang='lat' dir='ltr'>essent</span> <span class='ocrx_word' id='word_1_866' title='bbox 2612 5519 2701 5589; x_wconf 84' lang='lat' dir='ltr'>qtii</span> <span class='ocrx_word' id='word_1_867' title='bbox 2738 5524 3119 5587; x_wconf 69' lang='lat' dir='ltr'>superstitiosas</span> <span class='ocrx_word' id='word_1_868' title='bbox 3143 5527 3260 5583; x_wconf 79' lang='lat' dir='ltr'>illas</span> <span class='ocrx_word' id='word_1_869' title='bbox 3296 5543 3344 5585; x_wconf 85' lang='lat' dir='ltr'>et</span> <span class='ocrx_word' id='word_1_870' title='bbox 3373 5548 3606 5589; x_wconf 70' lang='lat' dir='ltr'>erroneas</span> <span class='ocrx_word' id='word_1_871' title='bbox 3630 5541 3926 5600; x_wconf 70' lang='lat' dir='ltr'>invoca-</span> 
     </span>
     <span class='ocr_line' id='line_1_121' title="bbox 2265 5581 3923 5676; baseline 0.024 -46"><span class='ocrx_word' id='word_1_872' title='bbox 2265 5581 2421 5635; x_wconf 77' lang='lat' dir='ltr'>tiones</span> <span class='ocrx_word' id='word_1_873' title='bbox 2440 5601 2555 5638; x_wconf 80' lang='lat' dir='ltr'>cum</span> <span class='ocrx_word' id='word_1_874' title='bbox 2573 5591 2876 5645; x_wconf 80' lang='lat' dir='ltr'>auctoritate</span> <span class='ocrx_word' id='word_1_875' title='bbox 2894 5596 3194 5663; x_wconf 61' lang='lat' dir='ltr'>corriperent</span> <span class='ocrx_word' id='word_1_876' title='bbox 3218 5601 3292 5653; x_wconf 75' lang='lat' dir='ltr'>uel</span> <span class='ocrx_word' id='word_1_877' title='bbox 3310 5604 3651 5667; x_wconf 74' lang='lat' dir='ltr'>reprimerent.</span> <span class='ocrx_word' id='word_1_878' title='bbox 3666 5611 3923 5676; x_wconf 66' lang='lat' dir='ltr'>Quasi</span> 
     </span>
    </p>
   </div>
   <div class='ocr_carea' id='block_1_16' title="bbox 4088 365 4094 1173">
    <p class='ocr_par' dir='ltr' id='par_1_17' title="bbox 4088 365 4094 1173">
     <span class='ocr_line' id='line_1_122' title="bbox 4088 365 4094 1173; baseline 0 0"><span class='ocrx_word' id='word_1_879' title='bbox 4088 365 4094 1173; x_wconf 95' lang='lat' dir='ltr'> </span> 
     </span>
    </p>
   </div>
   <div class='ocr_carea' id='block_1_17' title="bbox 4087 1537 4095 2683">
    <p class='ocr_par' dir='ltr' id='par_1_18' title="bbox 4087 1537 4095 2683">
     <span class='ocr_line' id='line_1_123' title="bbox 4087 1537 4095 2683; baseline 0 0"><span class='ocrx_word' id='word_1_880' title='bbox 4087 1537 4095 2683; x_wconf 95' lang='lat' dir='ltr'> </span> 
     </span>
    </p>
   </div>
   <div class='ocr_carea' id='block_1_18' title="bbox 61 5838 70 5939">
    <p class='ocr_par' dir='ltr' id='par_1_19' title="bbox 61 5838 70 5939">
     <span class='ocr_line' id='line_1_124' title="bbox 61 5838 70 5939; textangle 90"><span class='ocrx_word' id='word_1_881' title='bbox 61 5936 62 5939; x_wconf 62' lang='lat'><em>„</em></span> <span class='ocrx_word' id='word_1_882' title='bbox 61 5838 70 5905; x_wconf 55' lang='grc' dir='ltr'>Ἲ-</span> 
     </span>
    </p>
   </div>
   <div class='ocr_carea' id='block_1_19' title="bbox 601 5625 3926 5815">
    <p class='ocr_par' dir='ltr' id='par_1_20' title="bbox 601 5625 3926 5815">
     <span class='ocr_line' id='line_1_125' title="bbox 601 5625 3926 5745; baseline 0.02 -70"><span class='ocrx_word' id='word_1_883' title='bbox 601 5625 763 5744; x_wconf 57' lang='lat' dir='ltr'>plicat</span> <span class='ocrx_word' id='word_1_884' title='bbox 788 5642 1049 5707; x_wconf 76' lang='lat' dir='ltr'>gemmam</span> <span class='ocrx_word' id='word_1_885' title='bbox 1080 5632 1350 5714; x_wconf 79' lang='lat' dir='ltr'>annularis</span> <span class='ocrx_word' id='word_1_886' title='bbox 1379 5635 1606 5699; x_wconf 79' lang='lat' dir='ltr'>iiicduli,</span> <span class='ocrx_word' id='word_1_887' title='bbox 1652 5640 1700 5691; x_wconf 86' lang='lat' dir='ltr'>in</span> <span class='ocrx_word' id='word_1_888' title='bbox 1733 5654 1835 5707; x_wconf 82' lang='lat' dir='ltr'>qua</span> <span class='ocrx_word' id='word_1_889' title='bbox 1878 5640 2066 5695; x_wconf 83' lang='lat' dir='ltr'>visitur</span> <span class='ocrx_word' id='word_1_890' title='bbox 2096 5644 2154 5700; x_wconf 89' lang='lat' dir='ltr'>S.</span> <span class='ocrx_word' id='word_1_891' title='bbox 2266 5663 2391 5704; x_wconf 81' lang='lat' dir='ltr'>vero</span> <span class='ocrx_word' id='word_1_892' title='bbox 2422 5661 2497 5707; x_wconf 91' lang='lat' dir='ltr'>tot</span> <span class='ocrx_word' id='word_1_893' title='bbox 2525 5658 2879 5715; x_wconf 85' lang='lat' dir='ltr'>sanctissimis</span> <span class='ocrx_word' id='word_1_894' title='bbox 2905 5677 2968 5717; x_wconf 85' lang='lat' dir='ltr'>ac</span> <span class='ocrx_word' id='word_1_895' title='bbox 2991 5667 3312 5723; x_wconf 79' lang='lat' dir='ltr'>doctissimis</span> <span class='ocrx_word' id='word_1_896' title='bbox 3336 5674 3482 5737; x_wconf 88' lang='lat' dir='ltr'>viris,</span> <span class='ocrx_word' id='word_1_897' title='bbox 3514 5677 3602 5744; x_wconf 83' lang='lat' dir='ltr'>qni</span> <span class='ocrx_word' id='word_1_898' title='bbox 3628 5689 3926 5745; x_wconf 71' lang='lat' dir='ltr'>saeeuio</span> 
     </span>
     <span class='ocr_line' id='line_1_126' title="bbox 647 5704 3926 5815; baseline 0.019 -72"><span class='ocrx_word' id='word_1_899' title='bbox 647 5705 913 5753; x_wconf 87' lang='lat' dir='ltr'>aurentius</span> <span class='ocrx_word' id='word_1_900' title='bbox 939 5713 1095 5766; x_wconf 82' lang='lat' dir='ltr'>super</span> <span class='ocrx_word' id='word_1_901' title='bbox 1122 5704 1446 5761; x_wconf 78' lang='lat' dir='ltr'>craticulam.</span> <span class='ocrx_word' id='word_1_902' title='bbox 1484 5708 1627 5765; x_wconf 85' lang='lat' dir='ltr'>lianc</span> <span class='ocrx_word' id='word_1_903' title='bbox 1647 5724 1911 5779; x_wconf 78' lang='lat' dir='ltr'>gemmam</span> <span class='ocrx_word' id='word_1_904' title='bbox 1944 5713 2157 5770; x_wconf 80' lang='lat' dir='ltr'>exhibe·</span> <span class='ocrx_word' id='word_1_905' title='bbox 2264 5733 2311 5771; x_wconf 86' lang='lat' dir='ltr'>iv</span> <span class='ocrx_word' id='word_1_906' title='bbox 2343 5720 2663 5795; x_wconf 83' lang='lat' dir='ltr'>floruerunt,</span> <span class='ocrx_word' id='word_1_907' title='bbox 2695 5730 2759 5782; x_wconf 85' lang='lat' dir='ltr'>ad</span> <span class='ocrx_word' id='word_1_908' title='bbox 2785 5734 3192 5801; x_wconf 79' lang='lat' dir='ltr'>superstitiones</span> <span class='ocrx_word' id='word_1_909' title='bbox 3221 5749 3274 5794; x_wconf 87' lang='lat' dir='ltr'>ct</span> <span class='ocrx_word' id='word_1_910' title='bbox 3314 5757 3525 5799; x_wconf 84' lang='lat' dir='ltr'>errores</span> <span class='ocrx_word' id='word_1_911' title='bbox 3555 5754 3926 5815; x_wconf 61' lang='lat' dir='ltr'>corr-igen-</span> 
     </span>
    </p>
   </div>
  </div>
 </body>
</html>
