4150 6192
285 295 338 356 ἥδ
906 307 1089 367 auscultati
1108 308 1273 366 canutus.
1395 371 1397 375 ,
1866 316 1912 374 ιιι

407 416 500 475 dunila
516 430 639 489 testatur,
655 422 762 479 llaurus
773 423 873 496 ubique
885 424 970 496 iacet.
1089 432 1114 491 Α
1127 424 1182 481 tid
1253 422 1384 494 Tempora
1396 433 1463 481 eunt
1477 425 1553 490 nitar,
1567 433 1689 497 mmpom
1702 426 1798 484 mortis
1809 438 1883 485 eant.

282 503 336 561 ets
371 505 447 574 Quod
462 521 572 580 pereunt
586 511 686 575 bosus.
702 515 773 585 regis
787 513 892 571 lortuns
903 528 1023 581 rocatm,
1213 514 1267 572 Ser
1281 522 1344 571 suut
1357 522 1450 572 etates
1468 513 1608 574 bominum
1628 517 1721 590 procul
1743 533 1829 590 usque
1843 535 1913 577 reare

407 599 482 667 Quod
498 612 611 671 pereunt
624 605 725 676 populi,
739 606 944 674 temporisordo
958 608 1034 677 regit.
1721 625 1740 669 .’
1790 607 1883 681 [ciaon

367 691 447 763 332
461 692 527 748 liam
540 697 562 751 si
577 695 700 753 debilitas
711 697 812 754 laceret
820 697 971 756 discurrere
997 715 1071 755 mor·
1249 693 1297 752 ilar
1311 696 1436 752 distincta
1452 704 1546 754 tenent
1559 708 1680 767 tempora
1694 715 1808 769 numque
1823 715 1882 757 sua.

970 788 1036 862 itas,
1214 787 1340 856 Numquid
1352 788 1504 845 adultorum
1520 791 1650 861 strepitus
1661 790 1772 846 iulantia
1784 793 1898 860 simplex

402 871 460 929 Noa
474 873 604 932 caderent
619 877 706 947 pueri,
722 887 769 934 aut
783 876 882 934 lamina
896 893 976 934 serus
989 880 1072 935 iners.
1248 882 1330 954 333
1347 880 1480 951 vindieat,
1500 892 1547 939 aut
1564 883 1687 941 lremitus
1704 882 1779 956 pirna
1793 894 1912 943 ιοιιιιιιιι

365 963 462 1021 Omnia
477 976 583 1038 tempus
596 970 665 1044 agit,
685 985 746 1027 eum
764 979 885 1042 tempore
898 981 993 1027 cuneta
1017 979 1074 1026 tra·
1771 973 1883 1049 [baben

914 1063 1035 1136 [buntur.
1123 1060 1179 1124 tis
1214 1060 1273 1117 lton
1288 1063 1435 1121 catulaster
1447 1063 1502 1136 agit
1514 1062 1638 1134 puerilia,
1650 1079 1704 1120 non
1719 1078 1786 1135 puer
1801 1064 1883 1121 sudet

922 1175 1040 1232 vautAE
1058 1174 1260 1234 bucularius.

309 1283 373 1341 dli.
389 1284 418 1340 ln
433 1286 494 1342 liat.
508 1285 635 1342 scribitur
650 1286 750 1344 liures.
1157 1284 1220 1340 222.
1232 1285 1328 1353 Sirra..
1339 1286 1505 1342 adistinrtn.

310 1354 373 1410 illi.
389 1357 483 1422 sirm,
499 1360 562 1411 ordo
576 1359 652 1428 perit.
1157 1355 1221 1411 225.
1235 1356 1330 1423 Sirm,
1344 1358 1462 1427 arnaud
1474 1357 1595 1412 adulterii
1605 1358 1733 1430 strepitos.

309 1424 373 1480 att.
389 1426 445 1482 linc
457 1426 601 1483 dittiebunr
613 1429 688 1483 abest
698 1442 713 1482 a
725 1427 806 1483 Sirm.
1157 1425 1222 1482 iii.
1236 1425 1329 1492 Sum,
1343 1427 1419 1498 pipra
1430 1428 1621 1497 senertaperr't.

309 1494 374 1550 tib.
389 1496 437 1552 iiie
447 1512 542 1553 uersus
553 1513 605 1552 nnn
617 1506 676 1554 erat
688 1501 715 1550 in
727 1497 821 1565 sirum,
832 1506 879 1551 aut
891 1497 942 1564 legi
956 1512 1008 1553 non
1021 1512 1071 1567 po-
1158 1495 1222 1552 225.
1243 1495 1337 1561 Sirm,
1358 1510 1410 1551 non
1430 1497 1570 1551 amulastro
1589 1496 1657 1568 perit
1742 1497 1796 1555 '’a.
1812 1499 1842 1556 lu
1853 1499 1910 1558 liat

275 1573 361 1620 terat:
376 1579 437 1621 eum
453 1565 534 1622 babet
544 1569 653 1637 anagn,
668 1567 712 1623 ubi
725 1577 816 1622 canus
829 1579 957 1622 eremitar.
1122 1564 1199 1637 prius
1208 1567 1354 1635 adalasia,
1367 1581 1423 1623 non
1435 1568 1518 1634 aiere,
1530 1582 1565 1622 ex
1576 1580 1631 1637 quo
1642 1566 1668 1624 ri
1705 1577 1748 1625 tur
1760 1567 1863 1627 laeum
1872 1588 1911 1628 os-

310 1636 374 1692 att).
390 1637 484 1705 sun..
500 1637 854 1694 T.snrntnr'tn.t.m.eraut.
1122 1633 1241 1691 ιιιιιιιιι.
1598 1651 1613 1685 s

307 1705 372 1762 rat.
386 1708 481 1778 sirm„
494 1708 522 1763 lr.
534 1712 659 1781 cujusque
667 1719 784 1765 numia.

1035 1813 1153 1873 NOTAE.

307 1933 373 1990 all.
387 1933 515 2002 Quisnam
528 1934 607 1990 luerit
622 1933 780 1999 bicllasila,
793 1942 957 2002 etquenam
972 1930 1064 2001 praelia
1080 1928 1179 1992 BSint
1191 1930 1238 1986 tibi
1250 1931 1346 1987 diuitiae
1362 1931 1455 1987 diuina
1472 1934 1593 2005 riopmsta
1614 1935 1692 2059 iffa,
1708 1934 1908 2009 smumnpse

273 2016 333 2058 cum
349 2003 447 2060 llauris
470 2005 621 2060 indicentur
643 2004 695 2059 boe
717 2004 788 2071 loco,
811 2003 952 2074 quaesitum
975 2012 1018 2058 est
1036 2001 1064 2057 iu
1116 2011 1221 2071 patrum
1239 2010 1317 2057 caste
1334 2003 1511 2058 modmsmirra
1530 2005 1606 2068 mite,
1652 2005 1722 2059 mnia
1741 2022 1802 2071 aare
1818 2009 1908 2065 dodim

272 2072 419 2143 prolegom.
431 2090 505 2129 nom.
522 2076 573 2129 ltili
583 2083 612 2129 et
623 2088 700 2143 aeno.
1116 2071 1272 2141 seripserrrnt
1286 2073 1400 2127 munins
1418 2080 1502 2138 natm,
1517 2073 1562 2129 ubi
1577 2075 1644 2128 satis
1666 2074 1810 2146 distinguit
1822 2092 1908 2136 sserss

306 2142 370 2198 215,
385 2143 452 2199 Vide
472 2144 554 2200 rerba
568 2142 707 2200 Ciceronis
721 2142 801 2197 allata
816 2141 848 2197 ad
862 2155 932 2199 vers.
953 2140 1003 2199 tud
1016 2142 1063 2211 oni
1116 2139 1242 2210 Litteras,
1253 2141 1302 2196 SS.
1314 2141 1408 2197 Patres
1419 2150 1448 2198 et
1460 2151 1552 2211 metas
1561 2142 1742 2213 Christianos,
1754 2161 1826 2217 quos
1839 2159 1908 2206 mter

271 2212 443 2268 elementiam
464 2213 579 2269 Castris
601 2226 714 2281 pergens
738 2213 863 2277 laudare,
887 2214 925 2267 sit
945 2226 1006 2279 erp.
1024 2212 1063 2267 2:
1114 2210 1244 2276 appellat,
1258 2219 1287 2265 et
1300 2212 1442 2281 exquibus
1457 2213 1539 2268 multa
1552 2213 1661 2283 promit.

272 2281 341 2349 Quin
351 2284 428 2338 etiarn
438 2282 552 2355 illaipsu
562 2299 648 2337 rerum
662 2284 832 2337 bumanorum
844 2283 948 2336 domina
961 2283 1065 2349 [ortana
1150 2280 1214 2335 dil.
1231 2280 1317 2352 Usque
1334 2293 1459 2336 senesiam
1481 2283 1540 2338 tine
1554 2286 1588 2337 ini
1606 2286 1725 2340 occurrit
1744 2285 1909 2356 allambit,

270 2353 298 2405 in
311 2352 386 2408 istius
406 2354 552 2410 societmeur
572 2353 662 2422 alariae
684 2369 711 2407 se
725 2367 775 2406 non
798 2351 883 2417 offert.
901 2352 1017 2407 lictoris
1036 2354 1063 2408 in
1114 2363 1187 2407 rere.
1197 2349 1261 2419 tus,
1275 2361 1303 2408 et
1315 2351 1362 2407 lib.
1375 2366 1414 2416 ur,
1430 2366 1504 2409 vers.
1517 2351 1646 2410 abusu
1661 2355 1802 2412 bominum
1817 2369 1908 2415 mures

271 2419 348 2476 bellis
362 2423 476 2480 larinum
491 2423 660 2491 imperantis
673 2423 753 2477 tribui
766 2421 880 2478 solebat.
895 2421 1020 2477 Barrlrlns
1029 2422 1063 2478 ad
1115 2430 1237 2476 recenset
1253 2421 1388 2490 ungentur
1402 2421 1588 2479 antoninam
1605 2424 1729 2480 uersibus
1749 2429 1908 2495 recapitula-

270 2491 385 2546 Statinm
402 2493 421 2548 Ι.
436 2508 454 2548 ιι
470 2493 570 2558 luein,
584 2508 654 2550 vers.
670 2493 732 2558 lil'l,
747 2493 823 2561 plnra
834 2494 955 2561 exempla
969 2492 1062 2561 alleri,
1115 2491 1196 2546 tionis
1212 2490 1370 2547 lleaaemeri
1389 2494 1480 2548 relatis
1498 2493 1525 2548 in
1541 2494 1688 2565 prolegom.
1702 2507 1779 2553 num.
1795 2497 1843 2568 al,
1858 2498 1909 2557 Sea

269 2569 297 2616 et
311 2561 339 2616 in
358 2562 399 2619 iris
415 2563 486 2618 trane
509 2565 642 2621 Dracontii
657 2563 746 2617 iorum
768 2562 872 2628 laudnt,
889 2564 926 2618 uti
940 2563 1020 2617 etiam
1035 2564 1062 2618 in
1114 2568 1172 2613 aaut
1183 2562 1385 2626 talaia-titanum.
1402 2572 1455 2620 ete.

270 2639 342 2687 nats
361 2633 395 2688 ad
417 2632 592 2689 Claudianum
649 2648 676 2704 g.
692 2633 761 2697 507;
776 2647 811 2688 es
827 2631 937 2688 otberto
952 2648 1014 2688 trra
1035 2634 1062 2687 in
1150 2630 1484 2700 nomanatissimus.
1500 2632 1657 2690 disltetiam
1668 2636 1780 2706 insontia
1789 2637 1898 2707 draptes

271 2699 330 2756 vna
341 2703 448 2760 ilenrici
461 2703 494 2759 lv
505 2703 599 2759 recitat
613 2649 688 2775 Buff·
701 2713 785 2757 tamen
795 2703 899 2773 fortuna
909 2703 977 2766 uicit,
991 2704 1062 2770 auod
1114 2699 1144 2756 ln
1153 2701 1237 2756 Sirm.
1253 2702 1372 2756 adniten‘i
1386 2702 1512 2757 mendum
1523 2709 1575 2769 est,
1586 2713 1632 2758 aut
1642 2707 1777 2761 eorrectio
1793 2707 1910 2776 interpo-

269 2771 420 2830 lmitatioae
433 2784 554 2831 ueterum
568 2774 668 2830 dictum
686 2784 771 2844 putat.
787 2772 945 2827 l’lurarebus
959 2773 993 2828 de
1007 2772 1062 2828 lor·
1114 2770 1215 2826 latoris.
1231 2770 1391 2827 Dracontius
1404 2781 1480 2828 certe
1493 2770 1641 2828 crinitorum
1650 2774 1759 2845 scripsit
1773 2793 1779 2829 :
1796 2781 1908 2847 opponit

270 2848 333 2895 tuna
353 2843 536 2901 Romanoruui
550 2854 691 2900 tractatum
714 2858 794 2898 arrum
808 2842 907 2910 edidit,
927 2843 1062 2914 aliumque
1113 2840 1185 2894 enim
1201 2841 1339 2896 infantiam
1358 2849 1386 2897 el
1405 2850 1571 2899 seneetmem
1586 2844 1728 2913 janennm.
1744 2847 1798 2902 Sex
1816 2856 1907 2903 astans

268 2909 302 2965 de
313 2911 417 2968 lnrtuna
432 2923 459 2971 et
472 2915 571 2970 virtute
584 2914 729 2970 ll'esandri
742 2913 839 2982 lingui.
1114 2909 1229 2965 bominis
1253 2911 1288 2964 ita
1317 2911 1352 2966 ab
1375 2910 1478 2967 isidoro
1500 2912 1702 2982 diuingnnmnr
1723 2916 1741 2969 l.
1769 2931 1797 2969 ιι
1821 2917 1906 2987 orig„

303 2981 366 3036 ild.
381 2984 540 3041 llutaliones
552 2985 709 3054 nopnlanrm
723 2993 751 3039 cl
764 2981 953 3038 consessiones
966 2996 1063 3052 regno·
1111 2994 1171 3048 cap.
1187 2980 1216 3047 2,
1229 2978 1357 3049 Infantia,
1374 2983 1494 3049 pueritia,
1510 2983 1692 3050 moreremur,
1703 2986 1840 3057 jacentus,
1853 3003 1909 3058 pro·

270 3064 328 3105 rum
343 3054 465 3109 attribuit
491 3055 578 3110 ordini
599 3054 729 3125 temporis
755 3052 840 3108 alien
854 3052 959 3108 seilicet
973 3054 1063 3121 praell-
1112 3050 1192 3116 oitas,
1208 3060 1284 3121 utque
1296 3059 1426 3118 senectus,·
1441 3052 1551 3106 iulantia
1573 3054 1606 3107 ad
1620 3062 1720 3108 annum
1744 3069 1775 3109 se
1796 3057 1907 3116 timum.

270 3121 336 3175 nito.
353 3123 529 3179 Ecclesiastes
542 3138 602 3188 cap.
619 3140 637 3188 ι,
655 3121 924 3178 uers.l:Generatr'o
936 3123 1059 3190 praeterit,
1112 3120 1225 3190 pueritia
1240 3121 1273 3175 ad
1292 3135 1391 3175 anuum
1412 3121 1546 3177 decimum
1565 3134 1706 3192 quartum,
1722 3072 1905 3181 adolescentia

270 3195 292 3243 et
306 3197 436 3259 ueneratio
450 3194 562 3247 advenit.
579 3193 738 3248 Francisrus
752 3189 892 3258 Valleslns,
907 3190 983 3246 saer.
1000 3190 1062 3245 Pbi·
1111 3189 1144 3243 ad
1160 3204 1258 3246 anuum
1275 3191 1433 3260 ripesiruum
1456 3200 1595 3257 octavum,
1612 3192 1741 3262 juventus
1757 3196 1792 3249 sd
1807 3210 1906 3251 annom

270 3262 318 3314 lars.
339 3273 400 3327 cap.
414 3261 464 3327 bi,
488 3263 589 3331 putarit
611 3262 662 3316 boe
677 3261 737 3316 loeo
750 3259 893 3329 signillear'i
909 3263 1096 3358 generatio·c
1111 3260 1377 3330 auinquagesinrnm,
1392 3262 1529 3328 gmnltas,
1545 3276 1604 3333 quae
1619 3271 1661 3318 est
1676 3263 1822 3320 declinatio
1835 3281 1851 3319 a
1863 3266 1907 3334 iu·

269 3344 331 3383 narn
348 3333 551 3396 perpunitatem
568 3347 615 3399 per·
629 3331 846 3395 circulationem,
860 3344 939 3401 quem
957 3331 1060 3387 Corne-
1112 3337 1219 3385 venture
1240 3330 1267 3385 ln
1287 3339 1468 3397 senectutem,
1484 3332 1518 3385 ad
1540 3332 1767 3404 septuagesimum
1786 3349 1905 3399 annnam,

269 3398 343 3454 liuss
356 3399 455 3469 lapide
468 3404 494 3457 in
508 3412 653 3457 comment.
669 3400 776 3458 reieliit.
996 3411 1001 3419 ·
1112 3409 1238 3455 senectus
1251 3399 1347 3456 deinde
1360 3413 1445 3470 unque
1463 3400 1497 3456 ad
1510 3400 1621 3456 olrirnm.
1639 3404 1680 3456 rib
1695 3403 1817 3474 ungento
1831 3405 1910 3460 Tole-

300 3467 363 3525 ati.
379 3470 530 3527 discurrere
543 3472 611 3526 srrrni
624 3480 687 3541 puto
701 3486 750 3540 pro
764 3467 816 3524 olio
826 3469 905 3531 abire,
921 3467 972 3524 nisi
983 3469 1061 3525 malis
1113 3475 1175 3523 tana
1188 3470 1281 3540 quinta
1301 3479 1367 3523 atas
1382 3481 1494 3526 niscatur
1514 3483 1621 3526 senecta
1641 3473 1745 3540 araris,
1769 3483 1848 3529 scats
1868 3490 1910 3530 se·

269 3539 358 3608 terere
369 3542 512 3597 discedere.
527 3542 664 3597 Sententia
680 3542 707 3595 in
728 3542 753 3594 id
770 3539 1018 3596 recidereridetur:
1035 3540 1059 3594 si
1111 3539 1196 3594 nium.
1218 3538 1292 3595 idem
1313 3540 1420 3594 tertiam
1443 3548 1549 3595 atatem
1572 3542 1689 3611 appellat
1711 3543 1845 3609 adultam:
1860 3545 1906 3599 sed

269 3624 341 3664 mars
355 3611 487 3668 debilibus
501 3618 635 3682 parceret,
651 3628 702 3667 nec
715 3612 802 3678 pueri,
817 3623 868 3665 nee
882 3608 988 3666 lerninae
1002 3608 1061 3664 obi·
1111 3607 1262 3663 adultorum
1286 3611 1415 3679 strepitus
1435 3618 1464 3665 et
1486 3610 1629 3675 fremitus,
1650 3626 1717 3682 quos
1745 3613 1907 3668 Dracontius

268 3688 337 3735 rent.
352 3680 484 3738 Nimirum
499 3698 552 3737 non
563 3689 604 3736 est
618 3681 764 3750 poranrlnnr
779 3695 871 3748 regum
886 3679 985 3746 virtus,
1000 3693 1061 3749 norm
1112 3687 1258 3748 memorat,
1279 3679 1411 3745 irruentuli
1434 3683 1519 3751 magis
1539 3682 1712 3737 conveniunt.
1728 3681 1798 3739 limo
1816 3685 1908 3754 prole·

269 3751 383 3818 papulas
397 3753 446 3809 sibi
458 3761 637 3821 repugnantes
647 3752 755 3814 evertit,
766 3750 812 3805 sed
826 3749 893 3803 ordo
909 3758 1060 3819 temporum
1110 3762 1184 3819 gom.
1201 3764 1274 3803 num.
1288 3748 1333 3803 dd.

155 3875 159 3882 ,
269 3817 490 3879 admirabilitas
500 3823 632 3890 ejrrsmodi
642 3822 802 3876 mutationes
813 3817 896 3874 ellleil
905 3828 951 3874 aut
959 3819 1059 3889 erigite
1147 3817 1211 3872 ιιι.
1236 3818 1371 3886 Senectus,
1393 3829 1528 3889 postrema
1549 3828 1682 3884 emrepta,
1696 3829 1726 3875 ut
1744 3822 1821 3891 palas
1836 3822 1906 3888 apnrl

269 3900 382 3958 perenm
398 3895 470 3948 enirn
490 3895 570 3948 etiam
588 3894 664 3962 prnri
679 3892 784 3947 debiles
796 3899 823 3945 et
840 3904 921 3945 serras
934 3890 1006 3944 iners
1021 3887 1061 3943 le·
1114 3887 1264 3953 llnratinm,
1284 3899 1311 3944 et
1329 3890 1437 3944 smoitrn
1451 3889 1520 3959 apud
1536 3887 1685 3946 Paulinum.
1702 3891 1730 3945 ln
1745 3891 1843 3960 elegiis
1857 3896 1907 3947 sdr

268 3959 390 4028 mineus,
405 3964 501 4030 auibus
514 3963 584 4018 bella
601 3977 654 4018 nna
669 3964 766 4017 obsum
781 3968 826 4014 aut
837 3959 934 4015 obesse
948 3975 1001 4014 aaa
1014 3959 1061 4015 de·
1111 3956 1195 4014 Com.
1213 3957 1282 4014 Galli
1306 3959 1363 4015 sire
1385 3955 1454 4014 Galli
1480 3957 1631 4015 llarimiarll
1649 3961 1758 4017 nomine
1777 3963 1907 4033 sumtis,

268 4028 374 4086 berent.
391 4031 465 4089 ilaue
485 4034 730 4101 interpretationem
752 4046 784 4086 er
809 4030 868 4085 loeo
889 4030 988 4099 alioqui
1008 4028 1061 4083 dil·
1112 4030 1181 4094 elea.
1197 4029 1224 4095 l,
1239 4025 1379 4085 continuos
1390 4031 1498 4100 penitus
1512 4044 1581 4115 apra
1595 4041 1709 4084 senectus
1724 4032 1809 4089 tabet.

268 4099 331 4155 licili
352 4111 380 4156 ιι
402 4102 516 4160 tortasse
538 4112 667 4174 eomnpto
689 4107 784 4156 errrere
804 4099 890 4155 lieet:
914 4100 961 4155 sed
980 4101 1060 4155 aliam
1088 4113 1091 4119 ·
1147 4098 1211 4154 ιιι.
1230 4097 1376 4153 Caranum
1395 4100 1461 4170 perit
1480 4099 1507 4154 in
1526 4100 1607 4154 sirm.
1623 4099 1749 4156 mendum
1764 4108 1818 4169 est,
1835 4106 1908 4171 qual

268 4171 386 4227 mallem,
1113 4167 1300 4224 nonnullorum
1315 4170 1438 4224 exercuit
1451 4169 1568 4240 ingenia.
1583 4166 1692 4224 llininus
1706 4169 1745 4225 ait
1763 4170 1909 4229 llartbium

301 4239 365 4295 att.
379 4240 439 4299 uto.
455 4257 495 4310 ru,
506 4259 578 4299 vers.
594 4242 659 4308 tbi,
675 4238 794 4312 dinami
807 4253 882 4295 smus
893 4239 962 4294 iners
975 4238 1011 4294 de
1025 4237 1062 4295 lo·
1112 4238 1146 4295 ad
1170 4239 1317 4309 ruarginem
1331 4238 1412 4311 (puto
1434 4238 1461 4294 in
1484 4240 1554 4295 notis
1574 4239 1608 4293 ad
1631 4237 1825 4306 Claudianum,
1844 4257 1908 4312 pap.

268 4307 357 4363 minis.
1113 4308 1179 4379 507)
1188 4309 1346 4378 ascripsisse
1360 4309 1502 4363 cotulmtra
1512 4323 1572 4364 esse
1582 4309 1741 4379 crepundia,
1751 4311 1800 4366 sed
1816 4311 1908 4366 laeum

302 4377 366 4435 tiu.
386 4380 562 4439 Ecclesiastes
579 4395 639 4451 eap.
656 4396 701 4450 ur,
715 4394 785 4436 urm.
802 4381 814 4435 l
829 4396 838 4435 ε
854 4378 948 4433 omnin
962 4389 1061 4450 tempas
1114 4393 1161 4446 pru
1173 4377 1304 4434 derelicto
1319 4379 1454 4434 imbuisse.
1470 4378 1586 4434 Bannius
1604 4378 1631 4434 ia
1653 4380 1772 4436 editione
1789 4396 1907 4451 operum

268 4448 406 4505 tatem...
432 4450 541 4524 Tempus
553 4453 687 4511 narrandi,
706 4461 730 4505 ιι
747 4460 846 4520 tempus
861 4451 996 4503 moriendi.
1009 4452 1062 4503 cn·
1112 4449 1233 4503 omnium
1246 4448 1392 4513 sirmondi,
1406 4463 1485 4519 quam
1507 4449 1617 4503 Parisiis
1639 4451 1805 4515 procuravit,
1820 4453 1907 4507 inter-

268 4518 410 4576 lumbzrnus
429 4522 455 4577 in
471 4538 514 4591 ep.
530 4523 564 4578 ad
589 4522 739 4577 llnualdum
762 4523 833 4575 iruna
852 4519 987 4575 liroooutii
1001 4533 1062 4574 ver·
1113 4527 1232 4643 fremitu
1248 4516 1344 4585 luerat,
1358 4518 1497 4573 catulastra
1509 4532 1569 4574 esse
1582 4519 1684 4575 catulos
1697 4533 1733 4574 er
1743 4518 1852 4586 eirarta,
1863 4520 1908 4576 vei

268 4603 326 4642 sum
336 4604 397 4644 euru
409 4592 468 4646 silis
478 4593 596 4662 ejusdcm
609 4590 744 4648 dracontii
755 4590 849 4646 inserit
860 4605 892 4644 ae
902 4589 1060 4659 praemittit:
1126 4592 1198 4656 igno,
1220 4589 1341 4656 qualibus
1362 4588 1491 4645 leunculis
1510 4588 1585 4657 pueri
1605 4588 1734 4644 oblectari
1756 4604 1909 4646 eorrsuere-

270 4656 383 4714 Pulchre
398 4662 502 4717 oerid‘ei
515 4664 606 4718 cecinit
618 4679 668 4719 oar
680 4663 743 4716 talin
754 4665 833 4727 ontis,
846 4658 974 4724 Ternpora
987 4661 1061 4714 dinu-
1075 4667 1100 4728 ῃ
1113 4667 1189 4723 ιιιιιι;
1204 4657 1291 4713 sedin
1307 4658 1463 4725 pratariam
1475 4659 1509 4712 ad
1526 4665 1592 4715 lom.
1614 4657 1636 4712 tl
1655 4658 1693 4714 ait
1712 4673 1744 4715 se
1763 4669 1859 4727 postea
1878 4659 1908 4716 in

268 4743 370 4784 merens
384 4732 431 4786 asi
448 4734 685 4801 vituperandam,
701 4732 795 4786 limnia
809 4732 988 4800 tempusapit,
1002 4746 1061 4784 enm
1112 4728 1250 4783 Plrilnreui
1280 4729 1449 4799 aliorumque
1477 4738 1596 4783 veterum
1627 4729 1765 4798 glossariis
1796 4728 1909 4786 utino.

268 4807 380 4867 ternpore
391 4813 481 4855 currem
491 4805 636 4858 trabuntur.
652 4803 754 4871 anibus
769 4803 795 4855 in
810 4801 899 4857 serbis
912 4800 1057 4855 veridicum
1111 4797 1222 4858 Graecis,
1236 4812 1251 4852 a
1264 4797 1362 4853 carolo
1375 4797 1481 4853 babbeo
1494 4797 1624 4863 enitente,
1641 4799 1778 4854 invenisse
1797 4797 1909 4855 Caenin-

268 4877 355 4924 ratem
381 4870 549 4928 dracontium
574 4873 720 4943 appellari,
742 4874 819 4936 cujtrs
841 4872 908 4925 alios
924 4885 1018 4923 uersus
1033 4871 1059 4924 in
1110 4871 1292 4936 naumann,
1305 4866 1447 4925 Catalester
1458 4867 1567 4933 nmini.
1580 4867 1651 4936 duod
1663 4869 1795 4923 leetomm
1803 4868 1909 4938 judicio

268 4939 389 4996 eamdem
404 4945 564 4997 seutentiam
585 4943 764 4999 Coluurbanus
779 4941 872 5004 alieri,
888 4939 1060 5010 probabiliter
1110 4939 1248 5008 relinquit.
1272 4939 1292 4994 F
1294 4939 1439 5013 orsellinus
1452 4939 1479 4993 ia
1497 4938 1596 4994 Leaieo
1613 4938 1696 4994 uerbo
1710 4937 1840 4993 Cotlnster
1856 4943 1910 4995 olr-

268 5024 375 5066 eenseo.
397 5012 426 5067 ln
439 5015 614 5068 collectam-is
628 5017 712 5067 sacris
726 5010 832 5066 Patrieii
850 5010 981 5080 Flemingi
996 5023 1059 5067 nota
1111 5021 1199 5065 serrat
1212 5009 1281 5064 inane
1291 5024 1384 5065 vanem
1397 5008 1518 5063 Vitruvio
1539 5008 1791 5064 restitutam-luisse
1804 5023 1821 5063 a
1836 5010 1909 5066 Tur-

268 5080 1058 5151 adversarentnmbaniuneesr,nnrrs,qnirnanrns,
1111 5079 1181 5135 nebo
1196 5078 1257 5133 libr.
1271 5094 1332 5134 srru
1345 5080 1470 5145 advers,
1486 5092 1546 5146 cap.
1560 5077 1587 5143 7,
1620 5078 1781 5148 roeonuod
1797 5079 1909 5151 legeba-

268 5150 333 5205 scr're
347 5168 398 5206 noa
408 5154 486 5225 liquet
497 5198 504 5221 ,
517 5155 566 5208 nisi
577 5169 607 5207 eo
620 5152 686 5220 loric
702 5153 802 5207 nourrius
812 5150 978 5206 Salomonem
990 5163 1072 5204 eom··
1113 5156 1157 5203 tur
1177 5158 1289 5203 comatos
1310 5149 1328 5203 l.
1348 5163 1404 5214 ιιιι,
1424 5162 1450 5204 ι.
1469 5149 1498 5214 l,
1510 5155 1538 5203 et
1554 5094 1671 5202 ministri
1685 5147 1810 5214 lormara,
1822 5166 1908 5220 quam

269 5222 390 5287 prebeuds‘
399 5226 517 5292 uoluerit,
528 5224 572 5295 qui
582 5224 656 5278 iiiam
665 5232 714 5275 tem
734 5223 785 5276 oris
795 5224 966 5288 partitionem,
983 5238 1060 5289 quarn
1112 5217 1194 5274 labet
1202 5217 1340 5273 Charisius
1349 5218 1410 5273 libr.
1423 5233 1441 5284 t,
1456 5226 1622 5275 eontrarum
1634 5231 1694 5273 csse
1703 5233 1740 5274 er
1750 5221 1907 5287 catulaster,

270 5287 380 5344 Sanetus
393 5290 435 5346 lric
448 5295 617 5359 commendat,
633 5292 700 5347 uadi
721 5291 860 5345 luliarum
876 5306 937 5345 rum
953 5289 1061 5344 l'mlrrra-
1111 5287 1182 5357 ouod
1196 5288 1222 5342 in
1237 5287 1403 5343 diminutivis
1417 5303 1451 5344 er
1466 5287 1562 5344 catulis
1576 5289 1651 5357 ponit
1665 5287 1821 5343 Priscianus
1842 5290 1907 5346 libr.

269 5362 353 5415 uanus
367 5372 471 5432 septem
489 5365 623 5419 dracontii
636 5376 743 5423 rersrns,
757 5376 843 5424 eanue
857 5359 973 5430 amplus
986 5361 1060 5416 illieo
1110 5374 1152 5414 ur.
1169 5358 1335 5414 Forrellinua
1350 5359 1487 5413 catulaster
1498 5361 1608 5428 exponit
1619 5358 1742 5431 grandior
1751 5374 1827 5430 puer,
1839 5359 1909 5413 cdd·

270 5429 398 5497 prolerat,
412 5434 437 5488 in
449 5436 545 5503 utribus
556 5435 678 5505 qrrardsm
694 5441 757 5487 sunt
769 5446 783 5484 a
796 5432 939 5485 Salomone
951 5438 1061 5498 prater-
1110 5428 1273 5490 lestentulus,
1289 5438 1317 5484 et
1330 5428 1393 5484 irule
1413 5427 1523 5484 formari
1538 5428 1576 5484 ait
1592 5429 1742 5492 carmarita,
1761 5444 1794 5490 αι.
1815 5431 1907 5496 puelia

270 5501 368 5572 attissa,
385 5505 427 5559 nir
441 5504 617 5560 dubitandum
636 5512 678 5561 est
696 5503 759 5573 quin
774 5501 947 5555 Dracontiuru
964 5500 1060 5554 veridi-
1111 5502 1165 5566 inm
1185 5498 1291 5569 arandis
1310 5509 1333 5553 ct
1354 5497 1401 5553 uiri
1422 5498 1531 5568 patiens,
1546 5508 1627 5568 atoue
1641 5501 1676 5555 iia
1689 5497 1816 5569 iutelligit
1832 5498 1907 5555 harre

269 5585 329 5622 cum
352 5583 438 5629 uatem
461 5577 609 5640 vocaverit,
633 5588 720 5644 neque
746 5572 896 5627 dubitasset
917 5571 1059 5625 adnotator
1112 5569 1356 5630 liracorrtiilneum,
1371 5568 1657 5641 Norrcotulastraperit
1670 5570 1789 5632 naeniis.
1802 5569 1906 5624 Veram

269 5639 436 5712 iiolurrrbnni
451 5649 484 5708 sl,
499 5645 569 5701 ande
584 5659 677 5701 versus
688 5643 725 5698 illi
740 5642 890 5712 deprompti
904 5650 1004 5707 essent,
1019 5641 1059 5696 in·
1113 5640 1224 5695 llinirrus
1241 5638 1297 5706 jam
1317 5640 1400 5695 urnlrn
1419 5647 1497 5692 antea
1517 5647 1674 5694 correxerat
1686 5637 1748 5693 Nan
1761 5639 1906 5694 emulum

271 5708 426 5771 inuexisset.
449 5715 532 5772 Paulo
556 5724 617 5771 ante
639 5715 744 5770 dixerat
765 5715 835 5771 idem
856 5711 1057 5770 columbanus:
1112 5711 1164 5781 apii
1177 5710 1296 5781 puerilia,
1311 5708 1357 5780 oui
1371 5708 1558 5766 animaduertit
1573 5709 1738 5767 desiderium
1753 5710 1908 5769 llereldura
