4150 6192
175 339 210 396 n
855 319 1128 383 essenonsenn.
1525 306 1529 317 '
1773 332 1810 391 44

264 440 608 517 lmplerissesinaszjurat
622 438 748 496 inlarclre
762 440 897 499 crumenis
978 442 1006 503 lt
1105 440 1189 517 620
1214 441 1348 514 Cingula,
1377 451 1405 501 et
1430 408 1540 503 ararim
1562 445 1660 517 gaudet
1685 448 1806 518 rapuisse

177 542 231 600 160
266 540 356 608 Turpe
376 537 481 592 tucrum
493 574 501 600 ‚
515 541 544 591 et
556 533 683 605 gmilaos
707 531 785 589 lurtis
809 531 965 589 distendere

825 622 842 678 0
893 637 928 678 s:

263 721 345 792 028
354 719 428 785 Quos
439 716 506 770 laena
516 714 704 787 celantctegit‚
714 623 967 782 taravisiuieeinisnt

268 811 340 867 tetur
355 807 507 879 oprimento
519 823 526 858 :
538 803 617 859 relax
627 819 688 861 nam
700 803 794 860 dextra
808 803 915 873 rapinas

267 902 387 965 41444441,
399 898 548 969 spoliisque
562 910 664 968 ungues
675 905 785 953 exercet
801 910 893 952 aenos.

270 986 966 1058 cura,Fanles,l1etus,noxietasfflerjurla,Pallor,

179 1088 234 1145 405
271 1082 442 1155 corruptela,
477 1081 579 1151 941444,
612 1079 786 1148 Commenta,
814 1080 965 1148 tasuaania,

801 1168 931 1243 [Sinden

269 1262 430 1320 Eumenides
439 1260 541 1326 sarim,
556 1259 669 1315 monstri
686 1259 831 1315 comitatus
843 1268 966 1329 aguntur.
1032 1254 1036 1261 '

271 1356 325 1412 1444
340 1355 429 1417 miuus
443 1352 545 1410 interea
557 1351 711 1408 rabidarum
725 1366 801 1408 mare
815 1351 938 1423 lnporum

266 1434 550 1513 criminaniersutnm
565 1450 621 1499 tota
630 1442 778 1513 grassantia
791 1456 901 1513 campo,

266 1537 359 1592 ilatrir
373 1534 499 1592 114444ιὶ4
514 1533 591 1603 nigro
602 1531 637 1589 de
651 1533 720 1589 laete
733 1542 832 1589 creata.

180 1629 232 1697 170
267 1628 296 1686 Si
307 1627 399 1684 iratris
409 1629 510 1697 galeam
524 1625 603 1682 lulnis
614 1624 721 1681 radiare
736 1627 860 1682 ceraunis

269 1716 420 1774 Germanus
433 1715 500 1772 vidit
510 1716 667 1781 cornmilito,
683 1730 735 1770 44444
751 1715 825 1772 liutet
837 1730 929 1773 ensem

1615 535 1770 609 [cmeuasz

1109 622 1256 696 Cognatam
1271 624 1357 682 ciuilis
1371 626 1425 696 agit
1438 625 1575 683 Discordia
1589 627 1719 698 predam,
1757 689 1763 696 ‚

1108 713 1163 770 Nec
1175 715 1260 782 parcit
1272 715 1388 786 propriis
1401 717 1484 772 Amor
1501 717 1642 773 insatiatus
1658 718 1772 773 trahendi

1108 807 1280 878 Pignoribus.
1292 808 1511 878 spoliatquesuas
1522 808 1616 865 Fames
1626 811 1706 878 impia
1718 820 1806 867 natos.

1020 896 1074 955 480
1109 897 1184 953 Talia
1197 913 1246 969 per
1259 898 1371 967 populos
1385 896 1590 953 edebatluncra
1605 899 1700 956 rictrix
1861 900 1864 905 ’

1105 988 1183 1044 0rltis
1194 988 1321 1056 avaritia,
1330 997 1453 1045 sternens
1462 998 1574 1045 centem
1583 990 1701 1046 uirorum

1106 1077 1188 1134 tttttta
1201 1077 1359 1134 uulneribus
1371 1077 1470 1134 variis:
1483 1079 1663 1134 hunelnmine
1670 1080 1807 1151 adempto,

1108 1168 1273 1239 Eliossisqae
1285 1167 1370 1224 aculis
1381 1169 1456 1223 relat
1468 1170 1496 1224 in
1511 1168 1623 1240 caligine
1638 1172 1724 1227 noetis

1108 1257 1216 1315 Crecum
1231 1271 1323 1314 errare
1335 1257 1409 1328 sinit,
1425 1273 1527 1330 perque
1548 1259 1710 1317 offensacula
1724 1263 1808 1318 multa

1017 1349 1073 1406 485
1110 1342 1162 1417 ire,
1177 1363 1228 1404 nee
1246 1349 1397 1420 appositam
1425 1349 1521 1407 baculo
1543 1358 1645 1407 tentare
1668 1352 1805 1421 periclum.

1109 1440 1287 1497 Parraalium
1302 1441 1374 1511 capit
1393 1441 1501 1510 iutuitu,
1525 1442 1645 1513 lallitqne
1657 1444 1807 1513 ridentem,

1107 1531 1213 1600 Insigne
1226 1538 1367 1587 ostentans
1381 1531 1479 1603 aliquid
1493 1549 1500 1587 ε
1514 1532 1585 1603 quod
1598 1533 1661 1588 dura
1672 1536 1739 1604 petit
1752 1536 1806 1603 ille,

1108 1624 1247 1694 Excipitur
1261 1624 1314 1680 telo
1325 1622 1460 1691 incautas,
1475 1624 1619 1696 cordisque
1630 1626 1681 1681 sul)
1697 1628 1755 1695 ipso

1109 1715 1222 1772 Saucius
1235 1714 1341 1773 occulto
1360 1714 1460 1771 lernam
1473 1715 1589 1787 suspirat
1602 1716 1744 1781 adactum,

269 1807 401 1872 Exorare,
417 1815 496 1875 atqrre
506 1813 586 1874 eaput
598 1804 673 1858 socia
686 1819 814 1861 mneroue
823 1804 914 1872 lenire,
984 1802 1009 1867 B
1021 1809 1076 1866 400
1111 1807 1208 1865 llultos
1222 1804 1392 1876 precipimus
1405 1806 1431 1861 in
1446 1816 1537 1877 aperta
1553 1806 1675 1863 incendia
1686 1807 1756 1878 cogit
1768 1846 1777 1874 ,

271 1896 310 1953 lte
323 1895 524 1965 managutneo
534 1905 660 1963 rapturus
672 1895 773 1951 vertice
785 1910 915 1966 gemmus.

267 1987 352 2043 Filius
365 1986 530 2043 exstinetam
545 1984 607 2041 belli
622 1985 673 2040 suli
685 1995 758 2042 sorte
772 1987 886 2043 cadaver

179 2082 234 2140 475
268 2079 380 2152 dspexit
390 2079 414 2135 si
428 2077 498 2135 larte
513 2076 752 2152 patris,lulgeatia
767 2079 848 2135 bullis

1109 1895 1256 1969 6301144
1268 1897 1367 1965 patitur
1381 1897 1467 1952 uitare
1485 1896 1576 1964 loeas,
1597 1896 1693 1968 quibus
1714 1904 1808 1954 aestuat

1108 2079 1184 2148 Quod
1198 2079 1264 2151 petit
1274 2050 1384 2135 amarus
1396 2079 1497 2148 pariter
1506 1987 1780 2150 4444444444ῗ14ῐ414144ἲ

829 2189 974 2250 caussa
993 2190 1161 2250 serenas.
1204 2261 1208 2269 ,

213 2306 278 2364 459.
292 2305 380 2372 iurat,
394 2306 511 2360 44444444.
526 2332 562 2345 -
575 2301 726 2370 Crumenis,
736 2304 891 2376 marsupiis:
904 2321 964 2360 crn-

214 2487 280 2572 4044
294 2490 512 2579 1.4444,’4444·4444,
528 2484 549 2567 i:
574 2480 584 2499 ⁰

213 2585 278 2643 464.
289 2586 373 2648 Carra,
386 2584 523 2640 4444444444
535 2584 672 2653 uitiorum,
686 2598 743 2655 arte
758 2584 869 2640 auaritia
892 2585 965 2658 nigro

180 2654 420 2790 afflamina,
434 2732 548 2794 peccata.
566 2751 602 2765 ·-
614 2723 779 2789 Grassantia,
793 2724 930 2793 nmtantia,
944 2724 965 2780 1.

212 2795 276 2851 tot.
287 2794 395 2859 creata,
410 2795 480 2848 44444
494 2795 565 2861 titia,
579 2795 617 2847 444
630 2796 724 2859 calpe.
742 2793 763 2848 Ι.

215 2863 280 2920 470.
292 2864 406 2924 Fratris.
416 2864 467 2919 4441.
481 2894 516 2904 -
529 2863 620 2919 Falsis
632 2864 767 2927 ceraunia,
783 2861 868 2918 444444
883 2864 968 2918 44444-

180 2935 258 3000 14444,
272 2934 312 2989 444
326 2933 426 3001 lapillis
440 2948 450 2987 .·
463 2949 575 2988 ceraunia
588 2933 722 3004 propriam
741 2948 832 2997 444444
851 2950 967 3004 gemme,

139 3060 143 3065 ,
179 3006 277 3079 [44444444
288 3004 386 3059 4444444
397 3003 517 3070 colorem,
531 3020 590 3057 nam
600 3000 688 3058 Graes
702 3001 799 3073 fatigor,
814 3004 836 3059 l.

213 3076 276 3133 474.
290 3076 416 3140 6444444,
431 3074 551 3144 4444444,
563 3073 603 3129 444
614 3073 729 3143 eripere,
740 3072 761 3127 1.

1026 2339 1028 2344 »
1052 2305 1115 2360 475.
1127 2303 1220 2368 ttnttn,
1234 2303 1349 2375 gemmis,
1365 2303 1385 2357 1.
1608 2363 1615 2376 ι

1053 2375 1118 2433 480.
1131 2375 1216 2436 Talia.
1231 2374 1338 2429 auaritia
1361 2372 1486 2445 plurimos
1508 2371 1597 2427 sternit
1607 2389 1618 2441 ,·
1637 2372 1703 2429 44444
1726 2389 1806 2431 cecat

1019 2447 1186 2510 erraresinit,
1204 2445 1223 2499 Ι.

1046 2509 1118 2571 184.
1134 2515 1221 2578 linae,
1237 2514 1380 2584 pacandam.
1397 2542 1431 2554 —
1444 2511 1588 2581 adempta,
1609 2512 1712 2578 ablato,
1730 2514 1751 2569 1.

1055 2587 1118 2642 485.
1132 2585 1240 2651 micula,
1256 2585 1373 2638 44444444
1383 2599 1434 2636 444
1445 2584 1558 2652 pernririt
1573 2593 1689 2650 portare,
1704 2584 1724 2639 1.

1053 2656 1117 2712 486,
1133 2653 1227 2717 Porro,
1243 2654 1368 2718 auaritia,
1385 2653 1444 2705 dum
1458 2653 1557 2721 alipnid
1578 2654 1701 2718 ostendit,
1716 2653 1808 2723 jaculo

1019 2722 1807 2797 percatmennit,·rapit.-intuita,decipitaiaeocaloramni.

1055 2795 1119 2850 489.
1133 2795 1277 2858 Adustum,
1290 2791 1410 2861 44144444,
1423 2790 1443 2844 Ι.

1057 2863 1246 2990 4901414444,
1260 2861 1370 2916 maritis
1389 2858 1486 2915 4444444
1502 2860 1648 2932 precipitat
1666 2861 1695 2916 in
1717 2861 1807 2917 incen-

1020 2936 1107 2999 44444,
1132 2973 1141 2989 .

1056 3005 1119 3061 401.
1138 3003 1235 3067 Focos,
1250 3003 1337 3074 ipnea,
1349 2998 1389 3059 ael
1403 3008 1527 3057 tartareas
1549 3015 1637 3074 penas
1662 2999 1760 3075 Stygis.
1771 3029 1808 3047 -

1023 3074 1143 3145 AEstaat,
1155 3074 1280 3145 comitur,
1293 3072 1314 3127 1.

847 3185 1122 3246 808880648108.

213 3309 278 3366 150.
292 3306 383 3374 Falci,
397 3304 646 3374 septimoautem,
662 3303 750 3359 minus
763 3302 844 3360 bene.
860 3302 913 3360 l’ro
924 3304 965 3361 in·
1016 3305 1103 3375 magis
1113 3302 1255 3387 approbat.
1265 3301 1365 3358 Contra
1377 3299 1511 3358 Gireliaus
1517 3301 1689 3373 reprehendit
1699 3304 1806 3376 Alaun,

177 3383 273 3452 sarcire
292 3378 338 3435 alii
356 3377 492 3449 infercire,
512 3390 559 3443 pro
573 3375 700 3429 crnntrnir
723 3376 821 3430 retustt
841 3375 965 3430 nonnulli

1017 3375 1089 3445 qaod
1104 3374 1248 3445 aliquando
1258 3372 1409 3442 hujusmodi
1425 3373 1532 3429 nomine
1545 3376 1570 3427 in
1581 3374 1808 3444 interminarerir,

177 3451 314 3508 murinis,
329 3448 443 3520 Eryman
457 3460 591 3501 crumenae
609 3444 707 3500 dieitur
723 3458 784 3500 esse
807 3458 821 3498 a
841 3444 965 3518 saepia,
1019 3453 1048 3499 ut
1062 3446 1154 3516 hymn.
1168 3443 1197 3500 S.
1211 3442 1346 3515 tttnpatytt
1358 3457 1430 3498 uere.
1445 3443 1601 3505 litttmmnis
1611 3447 1702 3499 aaarm
1716 3444 1807 3509 Palis.

179 3522 242 3593 qaia
256 3518 433 3646 srtFpendula.
450 3514 546 3571 Glossa
559 3529 611 3569 nan
626 3514 722 3582 piaret.

214 3590 280 3646 too.
316 3589 373 3644 uid.
389 3601 437 3658 pro
448 3587 522 3653 44444
537 3584 616 3640 habet
625 3599 721 3638 444444.

215 3659 280 3715 161.
299 3659 413 3714 Veteres
435 3654 556 3724 plerique
581 3654 672 3736 legunt
695 3653 832 3722 lacerisque
857 3654 966 3711 sinistri.

180 3729 307 3787 Heinsius
325 3727 409 3784 edidit
422 3726 557 3792 laterisque
578 3723 700 3786 ministri,
713 3723 760 3779 scd
784 3737 844 3777 cum
867 3724 968 3780 nullum

180 3801 330 3856 variantem
354 3795 497 3852 lectionem
510 3802 623 3863 promat,
635 3791 744 3848 (144οἰ4444
759 3802 801 3848 est
814 3808 849 3849 aa
864 3793 891 3850 id
905 3808 970 3851 casu

180 3869 323 3925 exciderit.
337 3865 534 3925 chamiltardus
548 3863 657 3919 Heinsio
670 3862 795 3918 adhesit.

217 3938 429 4002 tonsurentur,
445 3934 552 3997 Heius..
567 3944 730 4003 operaenim·
743 3935 824 3997 4444..
836 3931 968 4004 adoperto,

154 4072 157 4077 ¹
180 4009 253 4079 quud
267 4017 430 4078 postremam
444 4013 538 4076 aperte
550 4002 706 4060 mendosum
721 4011 773 4058 est.
784 3999 908 4073 Plerique
921 4018 971 4059 no·

180 4080 234 4134 stri
292 4079 395 4132 ‘mentm

233 4143 235 4146 ⁴
277 4146 404 4202 ,1414444
419 4145 518 4214 priore,
534 4143 672 4210 insomnia,
686 4149 777 4196 sortes.
793 4140 854 4205 etti,
869 4142 969 4198 sordes.

181 4216 347 4277 Prudentius
359 4225 439 4271 444444
453 4213 560 4284 egregie
574 4213 664 4268 dicere
676 4211 773 4283 potuit,
788 4211 809 4265 sl
825 4211 905 4267 ludus
920 4213 971 4266 iste

180 4302 268 4358 quom
278 4288 340 4341 44414
352 4286 432 4355 uulgo
444 4284 590 4352 appellant,
604 4293 666 4336 tnnc
682 4281 808 4349 temporis
821 4283 970 4350 viguisset:

181 4357 228 4413 cni
242 4372 295 4413 non
305 4356 395 4424 inepte
401 4353 587 4409 accommodes
595 4352 644 4407 lios
655 4351 723 4406 dnos
732 4351 877 4407 uersiculos
888 4368 893 4404 :
908 4352 972 4407 Cor·

180 4428 302 4499 ruptela,
317 4427 410 4489 44444,
425 4433 581 4485 comanente,
596 4421 738 4488 insomnia,
760 4429 855 4489 444444,
874 4418 971 4477 Fame·

180 4499 258 4552 arides
268 4498 346 4551 uarie
358 4495 466 4548 monstri
475 4493 610 4546 comitatus
620 4501 739 4562 apnntttr.

219 4566 284 4622 too.
298 4565 370 4631 4144,
384 4563 535 4618 4444444444
547 4561 704 4632 sericiani,
718 4559 871 4615 Eumenides
885 4561 970 4627 narie,

182 4645 212 4692 44
227 4638 254 4690 44
269 4637 336 4691 4144.
347 4636 422 4705 pariae
434 4643 475 4688 est
483 4632 625 4700 glossema.
633 4630 685 4685 944
697 4630 864 4687 4444464144.
876 4642 902 4686 ct
912 4629 969 4686 Gis.

181 4701 686 4768 444448411444144444444144444444
701 4700 727 4754 ia
740 4701 809 4754 natis
824 4709 899 4767 pirent
912 4715 972 4756 esse

183 4776 312 4831 vitiosam
324 4773 510 4845 repetitionem
519 4772 606 4836 44444,
617 4785 678 4826 eum
687 4785 726 4826 ce
735 4769 889 4841 singillatim
897 4770 973 4840 prius

182 4854 387 4901 recenseantur.
402 4843 501 4898 Verum
524 4839 550 4896 id
567 4841 640 4896 nihili
653 4849 715 4896 est:
733 4855 795 4895 uam
810 4837 971 4895 Eumenides

183 4916 240 4971 ille
267 4914 392 4971 dicamur
405 4928 467 4967 esse
489 4910 590 4978 varim,
605 4909 656 4967 ltoe
667 4919 709 4965 est
720 4909 791 4965 inter
803 4923 833 4964 se
845 4909 970 4967 diversa.

184 4985 269 5040 Poeta
296 4984 414 5039 tmintm
437 4981 575 5051 Virgilium
602 4996 639 5035 444
666 4978 775 5035 AEueid.
800 4994 871 5035 vers.
899 4980 971 5037 356:

184 5055 200 5109 4
205 5069 304 5118 reare,
320 5054 469 5121 inaiaieqtte
483 5052 525 5105 ari
542 5050 677 5104 comitatae
687 5057 809 5122 apuntar.
872 5118 876 5123 Ι

224 5123 287 5179 167.
297 5123 417 5187 Boetius,
429 5121 541 5175 tortasse
552 5120 670 5175 imitatas
689 5118 972 5186 Ptuaentannamrt·

187 5192 256 5248 tiam
267 5194 328 5264 lnpo
341 5191 506 5259 comparavit
516 5189 563 5245 lib.
573 5205 609 5252 tr,
625 5203 703 5259 prosa
717 5191 745 5244 5.

224 5262 287 5317 468.
300 5265 329 5317 44
341 5263 443 5317 414441
455 5259 520 5315 1444.
533 5275 548 5313 a
564 5260 646 5327 primu
660 5273 744 5312 mana
756 5271 833 5313 error
845 5268 887 5314 est
902 5274 973 5313 cras-

184 5334 293 5394 444444,
312 5343 341 5385 nt
353 5333 380 5386 in
393 5331 457 5386 ttat.
477 5329 508 5394 C,
522 5331 663 5392 centanam·
679 5330 736 5397 lego
749 5333 903 5399 prrtssantta.

221 5402 286 5458 479.
298 5401 361 5458 8144
383 5401 540 5470 pigneribus.
554 5401 611 5454 sine
626 5399 773 5470 pipncriim
797 5400 973 5459 4444144444-

184 5473 277 5540 tiques
289 5472 372 5526 duces
382 5472 510 5539 separeris.
527 5470 597 5525 idem
610 5469 643 5523 de
655 5470 744 5532 lantes,
753 5478 779 5522 et
786 5470 973 5536 [amisassero.

183 5541 317 5596 5444444444
334 5544 416 5611 santet
431 5538 545 5608 14444,
566 5539 598 5606 F,
615 5537 648 5603 G,
664 5538 696 5602 l..
710 5537 743 5601 0,
755 5538 805 5593 titt.
822 5537 914 5603 Nenue
927 5537 975 5593 olt-

184 5612 264 5666 'icias
291 5625 399 5668 versam
414 5625 466 5665 nun
479 5619 603 5665 constare
618 5626 625 5662 ε
640 5623 701 5663 uam
715 5605 843 5671 Gilanins,
858 5608 903 5677 qui
916 5607 973 5662 lad.

208 5697 270 5737 uer.
285 5695 319 5736 er
334 5691 391 5734 ret.
404 5679 464 5735 cod.
478 5680 542 5750 legit
564 5684 653 5748 fomes,
665 5677 726 5732 inde
740 5677 840 5746 colligit
857 5678 975 5733 l’rnden·

183 5754 254 5808 tiuau
270 5751 299 5806 ln
313 5749 425 5806 44114444
437 5764 507 5823 seps
521 5749 611 5807 lacere
630 5748 731 5805 breuia.
753 5747 878 5804 lteinsias
898 5748 975 5819 [44444

981 3511 1004 3575 C
1019 3526 1091 3582 eant,
1102 3515 1218 3569 redeunt.
1228 3512 1333 3583 Quippe
1345 3520 1423 3582 negat
1435 3512 1581 3580 Giseiinus,
1593 3512 1765 3570 Prudentiori
1773 3516 1808 3571 ad

1020 3586 1241 3641 consuetudinem
1262 3592 1382 3639 veterum
1407 3584 1577 3651 respexisse,
1592 3585 1636 3654 quii
1657 3583 1810 3643 istiusmodi

1019 3655 1200 3710 nominativus
1218 3669 1265 3721 per
1287 3669 1313 3708 es
1337 3662 1364 3708 et
1379 3654 1402 3707 it
1431 3653 1571 3719 aliqnando
1586 3655 1740 3710 extulerint.
1755 3656 1809 3712 Pro

1019 3725 1100 3793 impia
1120 3723 1177 3778 Pal.
1193 3723 1321 3788 improba.
1332 3722 1456 3778 attentus
1471 3724 1551 3793 Epir„
1565 3725 1609 3790 nai
1624 3725 1651 3779 in
1667 3724 1806 3795 llargarite

1020 3795 1124 3864 poetica
1140 3794 1227 3849 lacum
1253 3801 1340 3861 poete
1354 3804 1447 3848 nostro
1461 3792 1551 3861 dedit,
1566 3793 1630 3862 legit
1653 3796 1733 3866 purnes
1747 3798 1806 3851 ino·

1019 3864 1074 3937 pia,
1090 3862 1160 3931 autad
1172 3860 1297 3918 mendum
1311 3871 1353 3916 est
1363 3863 1475 3917 carmini
1491 3879 1653 3932 repugnans.

1035 3934 1117 4059 1480.
1135 3933 1243 4001 vienn,
1254 3930 1389 4005 peneraiat
1397 3946 1447 4003 pro
1458 3932 1546 3988 444444
1557 3948 1591 3989 or
1605 3935 1695 4004 atiquo
1705 3934 1808 3991 insulso

1048 4012 1190 4059 ossemate.

1019 4019 1036 4076 g
1055 4075 1120 4130 181.
1132 4074 1159 4129 14
1175 4073 1234 4129 ilat.
1248 4087 1282 4130 ex
1301 4072 1411 4127 avaritia
1421 4070 1522 4127 recenti
1538 4085 1617 4127 mana
1631 4070 1729 4127 laetum
1742 4089 1805 4128 aaa·

1021 4145 1103 4212 444444,
1117 4143 1225 4198 irustra.

1057 4216 1122 4271 484.
1135 4215 1162 4269 144
1179 4213 1239 4270 Put.
1250 4222 1277 4269 et
1286 4211 1368 4283 Aug„
1379 4210 1546 4283 offendicula.
1561 4212 1611 4268 Atti
1623 4210 1718 4267 meiius
1728 4212 1808 4283 offert·

1020 4288 1111 4340 444444
1125 4302 1135 4339 .·
1148 4299 1221 4349 narn,
1236 4295 1265 4338 ut
1276 4285 1400 4340 observat
1421 4282 1555 4350 lleinsins,
1571 4284 1615 4338 ier
1626 4283 1704 4337 metri
1721 4284 1809 4353 rejicit

1022 4354 1197 4425 openetrum:
1212 4352 1281 4422 quod
1294 4355 1366 4409 enim
1382 4354 1450 4409 idem
1476 4362 1560 4421 putat,
1584 4352 1758 4408 Prudentium
1773 4355 1810 4411 de

1022 4424 1066 4481 itis
1076 4440 1129 4479 non
1146 4425 1227 4480 luisse
1241 4423 1318 4478 valde
1328 4424 1488 4485 sollicitum,
1507 4424 1552 4493 qui
1564 4423 1680 4491 priorem
1694 4425 1719 4478 in
1732 4426 1808 4479 mitra

1022 4495 1192 4561 corripuerit.
1208 4502 1235 4548 et
1255 4495 1281 4548 in
1295 4493 1411 4564 raiipine
1429 4493 1551 4562 prinam,
1567 4493 1593 4546 id
1616 4508 1668 4549 non
1687 4506 1726 4550 est
1742 4498 1817 4550 satis

1023 4564 1119 4620 idonea
1130 4578 1209 4618 rausa
1220 4562 1253 4616 ad
1264 4562 1405 4619 lectionem
1421 4563 1521 4632 regulis
1534 4565 1696 4618 contrariam
1711 4565 1809 4621 admit-

1023 4634 1141 4700 tendam,
1152 4634 1244 4688 relicta
1258 4632 1362 4688 meliori
1375 4649 1382 4686 τ
1399 4648 1484 4702 neque
1494 4633 1579 4703 prima
1593 4634 1619 4686 in
1630 4635 1705 4688 mitra
1716 4649 1809 4691 neces·

1024 4706 1144 4760 sarioest
1158 4702 1338 4772 producenda.
1353 4700 1521 4758 Cauchlmns
1532 4703 1616 4759 rodes
1634 4704 1714 4762 ltubet
1724 4722 1816 4761 srcnmr
1929 4773 1931 4777 Ι

1022 4790 1110 4829 errare
1124 4773 1197 4843 pacit,
1212 4788 1264 4828 non
1277 4773 1348 4827 sinit.

1059 4843 1122 4898 487.
1135 4845 1163 4898 444
1178 4843 1242 4897 liar.
1258 4853 1316 4897 crat
1327 4843 1394 4909 4444
1407 4858 1464 4897 cam
1477 4843 1548 4913 petit.

1058 4914 1122 4970 494.
1137 4910 1218 4979 dag„
1230 4911 1309 4975 male,
1319 4929 1409 4967 aarum
1423 4929 1470 4980 pro
1490 4929 1591 4967 antrum.

1060 4983 1123 5037 402.
1137 4983 1259 5037 ileinsius
1270 4984 1389 5037 iterante
1402 4983 1507 5038 4144414444
1516 4982 1704 5039 uetustissimis
1716 4980 1808 5036 delen·

1025 5053 1091 5109 dere
1100 5061 1213 5107 coriatus
1227 5051 1359 5121 peculator
1368 5065 1459 5108 eontra
1470 5057 1593 5108 cerrenian-
1607 5056 1686 5123 leges,
1699 5052 1808 5105 asserit·

1025 5139 1077 5193 aue
1091 5123 1135 5179 six
1158 5123 1245 5178 locum
1263 5122 1362 5178 liabere
1376 5125 1529 5193 speculator.
1546 5122 1641 5178 ilerum
1664 5139 1715 5176 non
1732 5121 1808 5177 vinea

1024 5209 1074 5250 cnr
1089 5194 1113 5249 ei
1129 5209 1181 5249 noa
1200 5193 1302 5261 placeat
1321 5192 1457 5248 Nebrissae
1475 5193 1672 5261 interpretatio:
1687 5192 1730 5260 qni
1742 5192 1808 5246 uidet

1025 5280 1066 5319 res
1080 5264 1203 5329 pretiosas
1215 5262 1332 5318 incendia
1345 5264 1438 5331 perire.
1452 5262 1623 5333 iampridem
1638 5261 1771 5317 Ricciolus
1782 5262 1808 5316 ia

1025 5333 1211 5405 lentimsyllah.
1223 5341 1388 5389 corutrarers.
1401 5335 1513 5397 manunt,
1525 5347 1556 5385 er
1564 5347 1629 5385 mss.
1640 5331 1732 5396 caud..
1741 5341 1809 5388 teste

1027 5403 1134 5466 Fossin,
1150 5404 1289 5473 legendum
1303 5403 1461 5475 speculator,
1477 5417 1529 5456 aaa
1545 5401 1686 5469 peculator.
1706 5402 1808 5468 Aldus,

1026 5474 1095 5538 Gis,
1110 5473 1218 5537 Waltz..
1233 5474 1398 5531 recentiores
1423 5480 1550 5541 preterea
1563 5486 1624 5526 curn
1640 5473 1739 5528 nostris
1752 5486 1809 5526 om·

1025 5544 1196 5599 4404444441.
1217 5543 1296 5609 lion,
1317 5544 1389 5603 liat..
1407 5542 1513 5605 liena„
1537 5542 1628 5606 dier..
1643 5545 1723 5614 ing..
1737 5543 1809 5597 Fatt.

1025 5614 1057 5676 C,
1072 5615 1104 5677 9,
1120 5613 1151 5678 F,
1168 5611 1200 5678 G,
1214 5614 1247 5679 ll,
1257 5612 1288 5681 1.,
1300 5613 1334 5679 0,
1348 5612 1400 5679 tte,
1414 5611 1514 5667 liabent
1523 5613 1677 5683 speculator.
1693 5617 1809 5681 14444444,

1027 5686 1164 5754 nietrdose,
1176 5682 1341 5754 speculatum.
