4150 6192
121 347 124 352 .
160 290 213 347 lis
582 291 681 349 LlssEli
700 292 721 347 11
740 291 878 350 coutet
897 291 1366 350 studebunt-blisense.
1735 301 1786 358 111

250 405 473 476 Ειιιιιιιιιιιιιιι
479 403 701 475 solentcapttnlia
708 405 844 475 claudere,
851 406 947 460 larvas.
963 416 988 470 Α
1090 408 1154 464 Sum
1167 423 1270 463 nnemor
1281 409 1336 477 ipae
1347 409 1409 476 mei,
1421 408 1487 466 satis
1496 419 1524 465 et
1535 421 1594 465 mes
1605 409 1700 480 lriaoln
1709 415 1785 471 novi:

250 496 403 562 Olinansm
418 496 487 550 miro
497 497 640 552 rerbomm
655 497 728 552 lonte
741 497 878 560 llueutenn,
1091 497 1242 568 7561166
1256 498 1341 552 ausim
1356 497 1479 554 cotnleme
1492 499 1603 570 pedem.
1624 515 1673 558 naa
1687 504 1787 573 spicula

253 585 334 659 755
346 586 459 641 Bouiani
472 587 554 643 decus
567 586 676 654 eloquii,
689 587 733 643 cui
745 587 822 643 cedat
835 596 863 643 et
878 585 934 655 ipse
1662 591 1753 664 [ennae

161 676 217 733 636
251 677 365 743 Tullius,
380 677 428 732 bas
441 678 530 733 tundit
541 678 616 733 diaes
628 677 753 733 lacuudia
766 679 904 748 gemmas!
1094 676 1218 731 indocilis
1232 677 1303 732 insidi
1318 678 1437 747 conjecta
1455 680 1588 738 lacessere
1601 682 1707 752 linguae.

251 769 288 824 lls
301 769 423 839 dignum,
436 761 538 825 aternio
552 770 664 824 tinctum
678 768 749 838 qaod
762 766 862 836 lnlgeat
875 781 951 833 auro,
1093 767 1196 823 illusus
1209 777 1313 823 maneat
1327 768 1404 834 liber,
1420 770 1606 840 excellensque
1620 773 1743 828 volumen

252 860 280 915 Si
295 863 388 914 mallet
403 859 512 915 laudare
526 861 609 915 Deum
622 877 628 913 :
643 860 685 915 coi
699 858 806 915 sordida
819 868 943 914 monstra*
1006 858 1060 915 656
1095 857 1218 913 obtineat
1232 866 1334 926 partam
1348 857 1454 913 dicendi
1466 859 1578 915 fulmine
1590 861 1708 917 ianuam:

255 946 383 1014 Praetulit,
395 960 423 1005 et
435 950 562 1020 liquidam
574 948 714 1004 temeravit
725 948 839 1004 erimine
851 962 954 1003 vocem.
1094 947 1146 1003 Sed
1162 946 1241 1002 liceat
1254 955 1353 1002 tacturas
1365 960 1475 1004 seruare
1488 964 1503 1004 a
1517 949 1629 1007 rtrlnere
1644 960 1745 1021 metas,

257 1039 330 1092 llsud
344 1039 431 1105 aliter,
443 1053 523 1108 quam
538 1038 562 1093 si
575 1038 671 1094 rastris
681 1038 740 1107 quis
752 1046 836 1093 tentet
846 1037 955 1092 eburnis
1094 1038 1276 1107 oppositaque
1290 1036 1382 1091 solans
1393 1037 1510 1105 jucudum
1523 1038 1657 1108 depellere
1671 1056 1772 1111 panna.

162 1126 221 1182 616
256 1126 397 1182 cenosam
412 1142 522 1183 versare
535 1108 637 1195 solum,
651 1128 770 1197 limoque
785 1128 924 1182 madentes
1095 1115 1161 1182 ltin
1176 1129 1198 1180 si
1215 1136 1304 1181 nostra
1317 1123 1393 1193 linies,
1407 1127 1488 1182 seclo
1500 1127 1555 1198 jam
1571 1137 1627 1186 tuta
1639 1131 1739 1201 quieto,

262 1217 391 1273 Excolere
405 1218 522 1273 aureolis
537 1219 561 1273 si
575 1218 645 1275 lorte
657 1217 792 1288 ligonibus
804 1218 891 1283 ulnas,
1097 1217 1205 1273 Viribus
1219 1217 1334 1283 iniectis,
1349 1216 1491 1288 hostilique
1506 1227 1564 1275 arte
1578 1222 1663 1290 petlta
1677 1230 1738 1277 ests

258 1308 432 1376 splendorem
446 1308 535 1364 dentis
550 1309 627 1364 nitidi
640 1310 743 1365 scrobis
757 1309 877 1379 inquinat
887 1318 956 1374 stra,
1008 1313 1061 1368 661
1095 1310 1150 1366 Cur
1164 1309 1229 1365 nili
1244 1308 1283 1365 ias
1297 1325 1349 1363 non
1363 1310 1409 1377 sit,
1423 1309 1513 1365 lateris
1525 1311 1674 1369 sinuamine
1686 1312 1748 1370 deri

256 1398 289 1452 Et
300 1401 415 1468 pretiosa
429 1399 501 1455 acies
514 1400 647 1469 squalenti
662 1400 752 1457 sordet
767 1401 795 1457 ia
808 1414 885 1456 aruo.
960 1455 964 1460 ,
1095 1398 1199 1455 Ludere
1211 1407 1336 1454 ventosas
1348 1397 1419 1467 jactu
1433 1408 1560 1466 pereunte
1571 1401 1701 1472 sapittssl

257 1490 315 1546 Non
326 1506 432 1558 vereor,
444 1507 479 1548 ue
491 1507 535 1548 me
547 1492 658 1551 nimium
671 1494 806 1551 conddere
816 1494 956 1564 qaisquam
1097 1489 1151 1545 Sed
1164 1490 1219 1559 jam
1235 1498 1339 1560 tempus
1353 1488 1402 1543 iter
1417 1488 1488 1557 longi
1500 1489 1626 1548 ctiliibere
1641 1491 1734 1564 libelli,

166 1582 221 1640 615
255 1584 367 1652 smmi,
380 1582 537 1654 Ingeniique
550 1590 627 1655 potet
640 1583 774 1640 luctamen
789 1585 867 1641 inire.
1097 1579 1136 1634 lic
1150 1586 1262 1634 tractum
1276 1577 1335 1634 sine
1350 1577 1403 1633 line
1417 1578 1484 1633 terat
1497 1579 1600 1636 fastidio
1614 1595 1733 1647 carmen.

817 1715 961 1774 GLOSSAE
982 1713 1151 1772 VETERES.

203 1833 265 1888 658.
282 1831 433 1903 Liquidum,
448 1834 567 1899 nitidam,
581 1835 724 1902 palatarum,
738 1834 791 1891 lso.
975 1839 998 1899 Β
1048 1835 1111 1891 616.
1127 1832 1258 1896 indocilis,
1270 1847 1327 1903 epo.
1339 1863 1374 1874 —
1387 1829 1543 1899 Lacessere,
1560 1851 1704 1904 prouocare,
1720 1838 1742 1891 l.

204 1903 266 1958 titt.
282 1902 404 1959 Pretiosa
415 1905 502 1971 acies,
517 1905 637 1975 splendor
649 1907 717 1960 auri.
729 1936 763 1948 -
776 1903 872 1971 Acies,
892 1921 956 1959 aaa·
1047 1905 1109 1961 619.
1125 1904 1215 1969 Liber,
1230 1903 1388 1972 Symmachi,
1402 1902 1421 1957 Ι.

168 1989 236 2038 mea,
253 1973 274 2027 1.
681 2012 689 2027 .
1046 1976 1108 2031 656.
1124 1976 1240 2042 Partem,
1250 1972 1620 2044 paratam—Fulmineam
1627 1976 1791 2043 tonitrs,lso.

203 2042 267 2098 616.
284 2042 401 2111 Frivola,
414 2043 535 2113 ineptias,
551 2043 603 2099 lso.

840 2127 1121 2190 consentanius,

171 2245 205 2300 sit
221 2242 343 2300 Gitanins
362 2242 389 2297 in
402 2242 436 2308 A,
450 2244 510 2310 ninia
534 2243 637 2299 seilicet
649 2258 693 2299 aa
710 2244 846 2301 ueteribus
864 2254 958 2302 eontra
1009 2243 1076 2298 mole
1094 2240 1175 2295 alati.
1200 2238 1284 2296 ludaei
1304 2255 1369 2296 nero
1389 2255 1450 2296 eum
1472 2240 1522 2296 sub
1544 2242 1649 2298 loliano
1669 2244 1795 2317 Annonam

171 2317 284 2397 utpotae
303 2313 480 2383 psammatiees
494 2329 603 2367 canones
626 2328 694 2378 sape
716 2313 885 2386 producitur:
910 2315 958 2371 sed
1010 2312 1139 2380 templum
1154 2310 1302 2367 instaurare
1315 2310 1431 2376 uellent,
1447 2311 1558 2380 ligones,
1572 2313 1647 2381 palas
1661 2325 1688 2370 et
1702 2318 1796 2373 cortun

173 2394 260 2453 potins
281 2385 318 2437 ob
339 2383 491 2437 encliticam
503 2399 570 2448 aaa:
585 2383 648 2439 iaeit
659 2384 730 2439 enim
746 2384 802 2440 bec
816 2384 899 2440 dictio
911 2399 960 2440 en·
1009 2398 1045 2440 ex
1055 2388 1165 2447 amento
1175 2379 1357 2437 eotnleeeruut.
1370 2380 1436 2436 vide
1447 2382 1665 2439 Tbeodoretlib.
1675 2400 1703 2440 ut
1715 2386 1796 2453 llist„

172 2456 270 2515 elities,
283 2462 310 2506 nt
324 2459 450 2506 accentus
463 2450 490 2506 in
504 2454 690 2510 aeolloeetnr.
705 2453 772 2509 vide
785 2455 899 2525 proleg„
912 2454 958 2509 ubi
1010 2469 1070 2520 cap.
1081 2451 1126 2506 20.
1145 2491 1149 2498 .

172 2523 302 2592 ejusmodi
318 2522 436 2591 regulum
451 2522 640 2592 explicuimus.
1045 2521 1109 2577 6111.
1126 2519 1213 2587 epm..
1227 2529 1363 2587 corrupte,
1379 2536 1478 2575 verare
1491 2520 1584 2576 solitm.

206 2593 270 2657 666.
286 2592 341 2646 Nisi
355 2605 437 2654 attera
452 2591 605 2661 Synnmsctni
628 2591 661 2646 ad
686 2605 736 2647 uos
758 2591 956 2660 peruenissent,
1046 2591 1110 2647 dli.
1127 2589 1220 2644 Posset
1239 2590 1318 2644 etiam
1339 2589 1421 2645 scribi
1440 2591 1549 2655 serobes,
1570 2600 1599 2645 ut
1616 2592 1686 2661 lues,
1706 2594 1796 2664 fania,

172 2678 206 2719 ex
225 2662 349 2718 laudibus
365 2675 431 2729 uuas
447 2661 615 2726 Prudentius,
631 2661 797 2725 Ambrosius,
811 2661 957 2725 Ausonius,
1010 2662 1272 2725 impraesumpta
1288 2659 1391 2712 ultimo.

174 2734 293 2800 Prosper
300 2729 487 2800 Aquitaniam.
509 2730 657 2786 llacrobius
681 2731 779 2801 aliique
803 2739 908 2788 veteres
932 2732 959 2787 in
1048 2729 1111 2786 ate.
1127 2727 1212 2782 Aldus
1226 2727 1363 2798 distinguit
1377 2726 1442 2783 Satn
1453 2744 1549 2783 memor
1560 2728 1613 2798 ipsa
1625 2731 1676 2785 mei
1687 2733 1760 2800 satis,
1775 2746 1798 2790 et

173 2817 233 2859 euro
245 2803 432 2863 contuderunt,
448 2800 537 2854 divina
550 2802 665 2869 quatiam
681 2801 831 2870 eloquentia
845 2801 961 2872 viguisse
1011 2817 1066 2855 mea
1077 2799 1167 2871 friuola
1181 2799 1249 2852 steut'.
1265 2798 1436 2869 Symposins:
1449 2797 1503 2852 Sed
1511 2799 1603 2922 [rivola
1613 2801 1798 2861 multalacutn.

174 2874 326 2933 bominem,
345 2869 516 2939 judicandum
535 2879 617 2926 esset.
642 2870 719 2924 Nunc
740 2871 866 2938 quoniam
888 2870 960 2927 aliud
1012 2869 1146 2927 Aminnias
1164 2885 1171 2920 ι
1189 2867 1249 2922 llisi
1262 2868 1346 2938 itnpne
1360 2867 1394 2920 ad
1409 2875 1432 2921 te
1447 2869 1510 2936 prino
1522 2885 1538 2922 a
1551 2870 1630 2939 pertis
1646 2869 1742 2926 Siculis
1756 2890 1799 2928 aa·

175 2942 278 2998 dicendi
289 2955 373 3007 penus
386 2943 482 3010 p'aeet,
493 2941 551 3009 ejus
562 2940 682 3011 epistolae
692 2948 794 2996 tantum
807 2955 860 2997 aua
872 2941 962 3012 despi-
1012 2943 1095 2996 niara.
1111 2937 1247 2993 luvenalis
1256 2946 1308 2994 sal.
1317 2937 1347 2993 5:
1357 2938 1418 2992 lam
1425 2939 1517 3022 [maala
1527 2939 1648 3009 transfert
1658 2940 1798 3011 Ucalepan.

175 3012 291 3068 eitsntar.
1013 3009 1140 3068 Sldonius
1151 3007 1198 3062 lib.
1209 3021 1246 3073 nr,
1255 3008 1335 3077 epist.
1346 3008 1374 3072 ὅ,
1387 3008 1486 3063 inmari
1499 3007 1605 3064 videtur
1615 3008 1798 3069 Prudentiuta.

208 3082 270 3137 638.
287 3080 380 3149 Prap..
393 3077 507 3146 liasida;
521 3078 617 3135 meiius
631 3079 763 3150 liquidam.
1048 3079 1110 3136 616.
1125 3077 1188 3132 6161
1201 3091 1277 3132 error
1289 3086 1373 3132 manet
1388 3092 1435 3146 pro
1448 3088 1558 3133 maneat.

209 3150 274 3206 659.
294 3149 352 3202 iat.
368 3151 404 3212 A,
420 3148 560 3216 mendose,
575 3149 699 3204 sialiter.
724 3150 799 3217 illd,
817 3166 894 3220 paam
905 3165 963 3205 suas
1048 3149 1112 3207 055.
1129 3148 1200 3210 116..
1216 3148 1312 3201 sturmi
1330 3148 1379 3219 sas.
1400 3146 1493 3203 Cicero
1512 3149 1539 3203 in
1556 3147 1717 3207 Catilinam:
1734 3151 1800 3218 Quot

176 3219 433 3287 petripontenses.
448 3218 485 3275 lta
498 3219 577 3279 etiam
593 3231 707 3290 quatuor
719 3224 879 3276 vetustiores
892 3220 962 3289 apud
1013 3237 1059 3290 spo
1073 3228 1130 3273 tuas
1144 3218 1275 3287 petitiones
1289 3218 1325 3271 ita
1339 3218 1482 3286 conjectas,
1497 3227 1524 3272 ut
1547 3220 1622 3274 uitari
1639 3220 1710 3274 nulla
1724 3223 1800 3277 moda

178 3291 326 3355 llsiasiusp,
341 3288 430 3351 alen,
446 3287 512 3344 itm.
529 3289 636 3344 ilcinsio
650 3291 734 3360 magis
752 3292 839 3361 placet
851 3305 928 3359 paam
941 3291 964 3344 si
1014 3298 1125 3359 possent,
1139 3303 1218 3360 parua
1231 3288 1340 3357 pandam
1360 3287 1537 3350 declinatione,
1553 3299 1586 3353 et,
1601 3299 1630 3343 ιιι
1641 3292 1723 3356 aiunt,
1739 3307 1798 3346 aar·

179 3362 268 3414 rastris
281 3360 338 3430 quis
352 3364 441 3412 ιιιιιιι.
466 3358 518 3414 Sed
532 3360 578 3414 lib.
593 3374 601 3412 t
616 3358 730 3414 Adsere.
745 3358 835 3428 pesth.
849 3358 964 3428 conjecit
1013 3376 1075 3430 pore
1086 3359 1182 3412 excessi
1192 3357 1205 3410 1
1217 3349 1335 3412 Catulino
1347 3370 1429 3411 carm.
1440 3358 1491 3411 tlt
1502 3372 1509 3410 t
1522 3355 1617 3412 cantra
1631 3360 1738 3414 nostele
1750 3361 1800 3416 ista

176 3429 267 3485 rastris
280 3443 328 3499 pro
341 3427 444 3486 rastris.
466 3430 526 3493 auin
542 3438 654 3482 ιιιιιιιιιιι
671 3436 715 3483 est
732 3429 836 3496 species
847 3428 961 3499 ligonis.
1014 3439 1059 3484 tua
1070 3430 1191 3483 mitantur
1202 3427 1306 3480 amictu.
1323 3426 1388 3482 Vide
1401 3427 1550 3483 Comiitent.
1564 3428 1663 3498 Vulpii.

177 3501 211 3555 ts
225 3514 289 3554 nero
303 3507 388 3552 rastra
404 3496 474 3551 iuter
488 3497 664 3553 instrumenta
685 3500 783 3553 rustica
806 3498 840 3554 ab
860 3497 999 3592 lsidorec
1050 3499 1111 3555 666.
1128 3497 1232 3566 lipsius
1245 3498 1353 3551 sutrim.
1369 3496 1415 3554 lib.
1426 3512 1454 3558 n,
1467 3511 1527 3567 cap.
1537 3496 1584 3562 111,
1598 3498 1711 3567 conjicit
1721 3499 1800 3555 saris·

175 3568 223 3624 lib.
237 3583 282 3637 rr,
302 3582 362 3634 cup.
377 3565 422 3628 tt,
447 3567 690 3633 recensentur,ita
715 3568 796 3634 dicta,
821 3575 850 3623 ut
871 3568 908 3622 ait
928 3581 961 3623 ex
1014 3584 1057 3623 sas
1073 3567 1250 3636 prosequens,
1266 3567 1325 3634 untia
1340 3567 1424 3621 bastae
1444 3567 1587 3637 jaciuntur,
1610 3582 1663 3622 aon
1684 3569 1796 3637 sagittae.

177 3639 282 3703 Seruio,
298 3649 341 3691 aut
356 3653 373 3688 a
386 3635 497 3689 rodendo
510 3648 616 3700 trram,
631 3647 675 3689 nat
691 3654 707 3690 a
720 3639 825 3693 raritate
837 3639 961 3691 dentiam.
1017 3637 1125 3693 lleinsia
1140 3651 1193 3689 non
1208 3636 1293 3701 placet
1312 3636 1368 3690 bne
1382 3637 1545 3702 coniectura.
1569 3639 1676 3708 sagius
1691 3649 1800 3693 ιιιιιιιιιι

178 3709 229 3764 Pro
243 3709 422 3762 instrumento
434 3707 547 3761 fossorio
559 3707 642 3774 accipi
654 3707 740 3761 dicam
754 3708 833 3762 etiam
845 3709 878 3761 ad
890 3722 960 3761 vers.
1015 3707 1140 3762 dicuntur
1150 3705 1185 3757 ob
1195 3703 1373 3770 elonuenltiam
1385 3718 1535 3770 ventosam,
1546 3716 1574 3760 nt
1585 3707 1610 3761 in
1622 3709 1698 3776 prael:
1707 3707 1754 3763 lib.
1766 3724 1799 3762 n:

177 3777 232 3833 283
244 3776 290 3832 lib.
304 3791 332 3830 ιι.
358 3773 483 3831 Clemens
496 3776 701 3836 Alexandrinus.
718 3786 827 3832 nnmnte
841 3776 959 3831 Chamil·
1018 3775 1154 3844 lentisque
1166 3774 1260 3840 eloquii
1275 3783 1363 3828 ιιιιιι.
1388 3776 1528 3831 Petronius
1547 3777 1614 3831 dixit
1633 3785 1736 3831 sentosa
1756 3781 1798 3832 la·

177 3848 263 3915 lardo,
285 3846 336 3901 tale
354 3845 452 3911 aliquid
469 3845 556 3900 dixit:
582 3845 664 3900 Nauna
685 3847 795 3916 liponem
815 3856 960 3915 arpentenm
1014 3848 1138 3918 pnaeitns.

178 3918 255 3988 facit,
265 3932 337 3971 seara
351 3913 442 3983 sulcem
456 3932 576 3980 auream
589 3932 648 3969 nam
659 3917 778 3971 utendum
788 3927 849 3984 apta
858 3916 964 3970 mmeria
1053 3916 1115 3972 651.
1133 3912 1247 3967 imitatio
1259 3910 1357 3980 Virgilii
1372 3912 1458 3988 eclog.
1472 3912 1501 3967 i:
1520 3914 1554 3968 Et
1562 3915 1619 3981 iam
1631 3930 1729 3968 santam
1743 3933 1802 3982 pra·

177 3989 213 4040 ad
235 3985 430 4056 apricationem,
444 4002 496 4040 non
510 3987 594 4040 diuite.
622 3987 654 4040 Et
671 3984 850 4040 Tertullianus
870 3985 916 4038 lib.
930 3984 965 4040 de
1017 3986 1076 4048 cul:
1095 3996 1120 4041 et
1139 3998 1158 4037 n
1172 3982 1288 4053 dedum:
1313 3980 1347 4035 Et
1363 3984 1421 4051 jans
1441 3991 1540 4052 tempas
1562 3999 1654 4053 equuus
1674 3984 1802 4054 ιιιιιιιιιιιιι

179 4057 278 4112 liabitas
299 4055 423 4112 muliebri
435 4073 443 4110 ι
457 4055 530 4109 Certe
550 4071 595 4110 ner
612 4072 673 4125 aper
687 4057 743 4110 asari
758 4072 834 4122 opere
847 4062 964 4125 paratur,
1016 4059 1112 4111 soluere
1125 4054 1203 4109 calla.
1414 4104 1420 4114 ,

175 4143 224 4180 aee
239 4125 681 4198 samsarpeutisiqorecontexitur.
708 4123 803 4179 Nullus
817 4125 904 4178 bidens
918 4141 966 4178 au·
1053 4125 1116 4182 658.
1132 4123 1205 4185 tid..
1226 4120 1296 4176 Finit
1313 4129 1402 4175 cantra
1417 4120 1598 4193 Symmachum
1616 4120 1680 4176 liber
1711 4122 1800 4181 rintss.

175 4211 237 4248 ιιιιι
253 4195 373 4266 &mugit
396 4194 423 4248 in
442 4205 545 4250 terram.
572 4195 644 4250 inter
657 4195 749 4277 adagio
770 4203 965 4250 recensentur:
1019 4196 1109 4264 liler,
1134 4192 1249 4264 Explicit
1271 4201 1358 4246 eontra
1379 4191 1477 4264 Syllum.
1495 4190 1540 4246 til.
1554 4209 1574 4246 ιι
1589 4191 1666 4260 tiro..
1689 4139 1802 4265 Eaplicit

177 4261 305 4318 Ειιιιιιιιι
316 4264 405 4318 rastris
415 4266 495 4319 solnm
507 4272 614 4329 setes,
626 4264 764 4335 bipennibus
777 4265 862 4320 aureis
873 4274 966 4318 terram
1019 4266 1063 4319 tit.
1077 4279 1085 4319 ι
1099 4274 1186 4319 eontra
1199 4261 1391 4333 Spmmaalrutn.

177 4335 280 4401 [adae.
291 4334 373 4388 Aurea
387 4332 463 4388 bama
477 4334 570 4405 piscari
585 4348 633 4403 pro
647 4351 675 4388 re
689 4334 782 4404 insipni
801 4345 825 4388 et
844 4334 968 4404 praeclara

1058 4434 1801 4465 ——n--t--b———w

1500 4463 1505 4474 ⁴

665 4543 922 4622 PRAEFATIO
948 4541 1081 4620 LIBRI
1108 4537 1323 4618 silebunt

533 4673 864 4828 contult
903 4677 1459 4890 snnuucnunt

875 4922 1101 4940 Μ

276 5059 350 5131 757
362 5056 468 5124 Simon,
480 5072 558 5126 auem
571 5057 690 5111 vocitant
708 5053 826 5116 Petrum,
1108 5040 1233 5096 Summus
1247 5037 1395 5109 discipulus
1407 5036 1473 5100 bet,

858 5167 1138 5230 coltlttllltattltls.

199 5325 251 5377 'tn
270 5322 326 5379 list.
341 5323 363 5378 1
377 5320 467 5376 nullus
479 5326 519 5374 est
530 5318 630 5372 titulus.
645 5316 672 5370 ln
689 5315 752 5369 lint.
767 5311 882 5371 otiien..
900 5308 970 5362 Pra-
983 5308 1011 5370 Ι)
1023 5307 1148 5370 illustrat,
1164 5311 1192 5359 et
1205 5309 1266 5374 post
1277 5298 1367 5372 plnres
1386 5300 1433 5357 66.
1446 5298 1551 5379 Patrem
1572 5292 1674 5375 similes
1688 5291 1808 5375 annotari.-

176 5397 251 5469 {atio
268 5391 349 5449 libriin
360 5393 481 5447 aduersas
491 5388 615 5443 eumdem.
629 5386 657 5440 ltt
669 5385 758 5446 Alex„
770 5380 865 5444 incipit
876 5377 938 5431 tiber
951 5393 969 5432 u
1022 5385 1090 5432 tates
1100 5375 1173 5429 addit
1185 5391 1192 5427 t
1204 5374 1312 5443 infinita
1323 5372 1377 5425 alia
1389 5379 1448 5425 sant
1458 5385 1473 5420 a
1484 5364 1691 5448 disceptatoribus
1711 5371 1807 5418 eaenula-

176 5465 297 5535 [elieiter
309 5479 389 5516 amen.
403 5460 432 5515 ln
447 5458 511 5514 Urb.
526 5457 619 5526 incipit
628 5455 748 5526 pralopns
761 5454 787 5505 ia
801 5450 894 5504 librant
905 5463 932 5501 u.
1023 5448 1086 5509 lata,
1097 5445 1187 5516 pullus
1197 5444 1297 5509 illinita
1306 5443 1410 5495 totidem
1419 5439 1470 5492 alia
1480 5437 1646 5517 adds'possmt
1655 5441 1810 5503 praeuncta·

218 5535 249 5588 1.
268 5531 304 5585 Es
315 5530 401 5598 phrasi
411 5543 495 5584 sacrae
506 5542 607 5597 pagznae
617 5526 709 5579 llattln.
722 5522 814 5588 nr,l8:
827 5519 969 5582 Sinnonem,
1022 5519 1123 5571 ritatem
1135 5515 1202 5570 Petri
1221 5503 1286 5566 iliter
1300 5511 1428 5591 apostolor
1447 5508 1484 5559 uel
1507 5519 1655 5575 primariam
1679 5513 1807 5561 astruant.

176 5605 227 5677 asti
239 5612 344 5656 secatur
353 5600 461 5664 Petrus,·
472 5609 498 5653 et
509 5614 536 5663 a,
547 5598 565 5651 l
577 5614 583 5650 ι
596 5594 695 5660 Simon,
710 5593 753 5663 qui
764 5590 856 5644 dieitur
867 5587 968 5642 Petrus.
1024 5587 1092 5643 lide
1107 5601 1178 5641 teas.
1191 5585 1204 5640 l
1219 5583 1321 5654 praelat.
1336 5579 1384 5632 bb.
1401 5592 1419 5630 t.

217 5674 252 5728 2.
271 5669 398 5739 Basileios,
414 5669 460 5725 lib.
473 5683 536 5723 ιιιιι
549 5666 672 5733 Adsere,
684 5679 742 5734 cap.
758 5662 775 5718 8
802 5660 872 5714 bunc
883 5658 970 5714 loeum
