4150 6192
298 275 349 331 ιιι
847 268 985 325 innecii
1004 266 1190 324 eunocum
1209 266 1359 323 cinuisi
1382 222 1384 226 ’

424 391 529 464 1020
541 388 601 446 lam
611 382 676 456 pace
688 385 769 455 iustis
779 383 895 451 reddita,
1102 388 1125 442 Α
1140 381 1194 436 5ι5
1229 381 1345 449 Simplex
1358 380 1405 436 sed
1421 379 1475 436 iilis
1489 379 1601 452 contigit

298 482 351 540 515
423 481 498 536 llltar
508 482 624 551 quietem
639 477 755 533 deliitiim
1266 470 1371 526 Coroni
1388 487 1543 542 poeiiarum:
1559 472 1656 543 quibus

424 572 534 627 Praestat
549 568 635 625 beatis
650 568 766 623 ossibus.
1270 564 1363 619 linem
1375 565 1505 619 malorum
1522 565 1647 634 praestitit

387 664 511 736 Sntijncia
527 679 587 719 nam
603 662 732 724 sacrario,
977 714 981 721 ,
1267 655 1360 711 ilortis
1374 656 1633 726 supremusetitiis.

426 758 562 826 imamque
575 755 608 810 aid
622 770 695 810 arani
708 752 824 818 condita,
1231 748 1300 815 Quid
1317 751 1369 804 tale
1382 762 1472 807 sector
1484 765 1566 807 ausus
1580 751 1639 806 est?

421 846 545 902 Coelestls
563 861 655 900 auram
671 844 790 899 innueris
1147 842 1199 899 550
1271 841 1404 896 'inuncata
1417 844 1535 912 nunquid
1547 846 1670 911 eorporis

298 939 349 993 5ιο
424 940 528 1010 1021
544 936 653 991 Periusa
668 936 763 989 suliuis
778 934 913 989 hauriunt.
1275 936 1380 1006 1022
1391 935 1533 1005 segmenta
1548 947 1607 1004 past
1619 952 1719 991 sermm
1736 937 1799 992 ieris

387 1029 431 1085 Sic
441 1042 559 1098 corpus:
579 1038 620 1082 ast
635 1027 721 1096 ipsum
738 1026 784 1080 liei
1267 1026 1443 1095 oldericum
1458 1027 1537 1082 undis
1552 1027 1645 1082 dedit?

423 1117 509 1175 Sedes
524 1131 661 1184 receptum
672 1118 803 1179 continet.
1232 1121 1300 1175 lium
1316 1121 1460 1176 dioclialini
1477 1121 1602 1193 martyris

422 1206 489 1265 Cum
502 1210 660 1264 llaelialiaois
676 1208 811 1272 lratrilius,
1270 1213 1398 1281 Linguam
1412 1222 1541 1284 tyrannus
1554 1222 1669 1273 erutam,

263 1324 270 1337 ·
368 1306 373 1317 '
424 1302 557 1374 Sectaque
571 1303 646 1358 iside
660 1302 820 1371 proximum.
1146 1307 1200 1360 535
1273 1307 1420 1378 llaptamre
1431 1307 1528 1377 pellem
1543 1306 1653 1362 verticis
1687 1368 1691 1376 ⁸

707 1406 711 1411 ’
949 1394 1098 1451 1110885
1121 1398 1287 1457 i'ttruliss.

334 1491 397 1547 515.
414 1490 501 1555 ditat,
517 1507 641 1555 recessus,
656 1490 676 1543 1.
1183 1493 1245 1547 527.
1262 1494 1403 1559 Malorum,
1417 1492 1546 1554 ludorum,
1562 1491 1583 1546 Ι.

334 1560 398 1618 eii.
413 1562 549 1630 Subiecta,
564 1563 686 1623 memora,
702 1559 724 1614 1.
1180 1562 1243 1616 558.
1260 1566 1419 1630 Supremos,
1436 1564 1599 1629 incurrimus,
1614 1561 1633 1615 1.

335 1633 398 1689 eto.
415 1635 525 1695 durant,
539 1634 659 1702 praciam,
673 1631 694 1686 1.
1181 1634 1242 1689 529.
1258 1636 1364 1701 Seetor,
1380 1632 1469 1697 linia,
1485 1634 1505 1686 1.

334 1703 398 1760 oso.
413 1702 535 1764 Perlusii,
547 1701 642 1755 scilicet
652 1701 746 1756 celaui
756 1700 849 1769 prolia,
863 1698 883 1752 1.
1181 1706 1243 1760 551.
1260 1704 1414 1774 segmenta,
1432 1712 1535 1769 parter:
1554 1706 1656 1771 moncia
1670 1711 1729 1753 ιιιιι
1746 1709 1826 1754 cestra
1847 1697 1926 1752 mulie·

335 1774 400 1847 stt,
413 1771 527 1841 Corpus,
539 1772 619 1835 locris,
633 1773 653 1825 1.
1145 1774 1211 1840 lires,
1226 1776 1271 1829 red
1285 1790 1334 1828 nort
1347 1775 1374 1827 in
1389 1773 1438 1828 linc
1453 1774 1520 1836 loco,
1535 1772 1567 1837 1.,
1580 1772 1639 1825 i'nt.
1655 1775 1687 1826 Α.

334 1843 397 1899 525.
412 1843 477 1907 illis,
491 1841 657 1905 pincinnati,
670 1842 690 1896 l.
892 1909 898 1920 ι
1109 1834 1133 1893 Β

973 1927 1254 1987 coilussurnutlls.

300 2026 350 2080 lius
366 2026 416 2080 tite
432 2024 589 2079 decernere.
608 2022 727 2079 Advertit
740 2025 808 2079 sica
826 2022 973 2078 Prudentia
989 2032 1091 2076 utram·
1143 2020 1243 2084 amrin,
1258 2019 1367 2084 nardus,
1381 2029 1409 2074 et
1421 2019 1510 2075 eleum
1522 2017 1744 2081 imniitteliantur,
1759 2024 1791 2071 ιιι
1812 2033 1858 2085 per
1870 2032 1927 2071 euir-

301 2111 353 2165 cpie
374 2095 538 2165 sepulturam
561 2095 716 2157 memorari,
733 2104 762 2148 iit
786 2093 874 2161 priore
890 2094 962 2162 justa
985 2102 1092 2146 mortuo
1144 2098 1243 2146 tnrinm
1259 2090 1352 2145 tumuli
1370 2091 1454 2145 rirtus
1465 2088 1655 2144 miraculorum
1668 2088 1835 2143 uiariilestior
1844 2089 1928 2141 redde·

335 2165 447 2232 rsoluia,
460 2164 611 2232 posteriore
621 2179 753 2219 sumtuum
771 2163 901 2218 lionorem
918 2165 1026 2234 martyri
1046 2163 1094 2215 lin·
1144 2171 1233 2215 retur:
1251 2161 1326 2230 qiiasi
1338 2162 1418 2227 uellet
1438 2160 1599 2214 Prudentius
1615 2174 1673 2213 enm
1688 2157 1816 2213 rlrtiitem
1829 2173 1844 2212 e
1858 2160 1928 2213 rote

320 2238 385 2291 itum
411 2233 489 2289 iocile
517 2234 691 2304 intelligatur.
726 2235 811 2301 Quam
845 2235 1092 2302 interpretationem
1145 2232 1195 2285 stis
1206 2231 1334 2294 muneris,
1351 2232 1408 2286 sire
1420 2230 1591 2285 eucharistie
1608 2244 1672 2284 aura
1688 2227 1852 2284 dilueres.
1868 2228 1929 2283 Pau·

301 2306 389 2362 liliens
407 2305 533 2374 exposui,
555 2314 585 2359 ιι
609 2320 669 2360 eam
694 2312 802 2360 teneant
825 2304 921 2369 ortibus
945 2304 1092 2368 probetur:
1148 2302 1219 2355 liniis
1234 2302 1260 2356 in
1276 2301 1371 2372 iragm.
1385 2300 1484 2377 Natalis
1498 2301 1602 2366 incerti,
1622 2301 1679 2354 sire
1692 2300 1725 2355 9:
1744 2297 1777 2353 Et
1795 2303 1878 2353 decta
1894 2315 1930 2352 ie·

301 2386 380 2433 acute
392 2372 464 2430 enini
480 2375 630 2441 emunitate
645 2390 675 2429 ea
691 2383 743 2429 est.
755 2372 810 2430 Sed
830 2373 992 2428 Prudentius
1014 2374 1091 2439 nihii,
1147 2373 1194 2424 teri
1215 2373 1321 2425 tumulis
1332 2372 1501 2426 “admondum
1523 2387 1587 2429 auo.
1616 2369 1678 2425 l'iaa
1699 2382 1794 2433 rameii,
1814 2380 1930 2439 moriame

302 2457 334 2500 ut
347 2455 420 2513 puto,
440 2445 512 2500 aliud
525 2443 582 2498 uult
617 2445 666 2499 ulsi
685 2445 715 2501 S.
732 2443 874 2499 Vincentio
895 2458 948 2498 non
974 2445 1095 2508 potuisse
1148 2439 1212 2509 Dra,
1231 2443 1396 2501 meinlriaaue
1416 2451 1544 2512 superatas
1569 2439 1661 2494 Gratia
1679 2442 1794 2494 diuinmn
1817 2441 1930 2505 curantia

302 2516 477 2572 lionorilleum
486 2516 551 2581 erigi
565 2486 650 2569 uitare
660 2515 855 2583 persecutionis
867 2523 997 2583 tempore,
1009 2513 1093 2582 nitori,
1147 2513 1267 2581 ntartpris
1280 2529 1338 2566 ossa
1351 2512 1482 2581 clarificat
1496 2511 1609 2580 populis,
1624 2512 1715 2565 merito
1725 2511 1825 2564 uiuente
1835 2511 1929 2579 scpulii;

301 2601 369 2657 pace
384 2586 498 2652 reddita,
512 2595 631 2640 ereetum
648 2584 743 2640 luerit:
755 2599 815 2639 cum
830 2586 931 2638 interea
945 2599 1005 2638 eiiui
1017 2585 1096 2638 Gliri·
1146 2591 1174 2638 et
1186 2582 1273 2636 Natali
1289 2583 1333 2650 15,
1350 2584 1384 2637 de
1398 2583 1524 2650 tepriicro
1538 2583 1566 2635 S.
1585 2580 1683 2643 Felicis
1698 2599 1705 2636 :
1726 2579 1783 2634 lita
1795 2581 1930 2651 superficies

303 2657 382 2711 stiaui
404 2670 454 2726 pro
470 2666 588 2726 martyre
603 2654 733 2710 lialiereut
748 2664 776 2708 et
788 2655 917 2717 colerent,
933 2653 1010 2722 cujus
1032 2654 1096 2709 reli·
1146 2653 1241 2707 tabulae
1253 2655 1353 2723 pentina
1365 2659 1432 2723 patet
1442 2669 1494 2713 ore,
1509 2647 1629 2706 ereren
1641 2652 1859 2722 infucatudJ'ecta
1871 2651 1931 2717 soro·

302 2726 391 2795 nuias,
404 2727 486 2781 etiam
498 2725 563 2781 dum
576 2726 689 2788 vireret,
702 2736 884 2789 reservarunt,
895 2733 924 2780 ιι
938 2728 993 2781 suis
1005 2736 1096 2794 puste-
1147 2725 1216 2777 mina
1231 2725 1323 2778 riardo.
1339 2724 1403 2789 Qua
1417 2723 1508 2777 cineris
1524 2723 1607 2777 aarrcti
1627 2726 1728 2777 uenient
1740 2723 1830 2775 anede
1841 2732 1931 2787 reputa

303 2800 341 2853 ris
355 2806 446 2853 essent
465 2805 594 2851 tutamen.
611 2797 638 2850 lu
653 2796 726 2851 lictis
741 2795 765 2850 id
781 2796 929 2851 luculenter
937 2810 1095 2865 expressum
1148 2792 1300 2861 sanctificat
1319 2794 1449 2848 medicans
1462 2808 1559 2846 arcana
1575 2793 1682 2858 spiritus
1696 2809 1771 2849 aura.
1790 2791 1819 2846 ln
1844 2793 1931 2861 liputno

303 2877 363 2922 est:
382 2865 475 2938 ltaque
497 2877 601 2936 propter
619 2867 752 2948 prutilium
776 2870 889 2935 furorem
909 2882 960 2918 non
987 2867 1097 2919 ualentes
1128 2864 1177 2920 ι8.
1195 2864 1328 2934 Hippolyti
1347 2866 1381 2919 de
1400 2866 1459 2933 ejus
1480 2864 1613 2931 sepulcro,
1637 2862 1758 2917 Balsama
1779 2862 1929 2932 diffundunt,

305 2955 362 2991 rom
381 2938 459 3005 dipiio
475 2937 639 2990 inunctiones
654 2937 781 2990 tumulare
802 2935 885 3009 cultu,
906 2935 941 2988 ad
961 2938 1097 3004 etiamdum
1148 2933 1251 3003 fletibus
1264 2950 1309 2988 ora
1324 2936 1418 3003 ripaue.

303 3009 438 3078 partulam
462 3000 605 3060 detulerunt
628 3004 758 3059 tonitrum
773 3004 955 3075 sepeliendum.
984 3004 1098 3059 Tandem
1184 3003 1248 3059 520.
1265 3004 1417 3071 dld.,cts.‚
1429 3004 1526 3058 suiten
1536 3003 1704 3058 Weita.ciiin
1717 3002 1852 3073 plerisque
1862 3018 1930 3059 mss..

303 3085 390 3130 autem
402 3085 515 3130 ιιιιαιιι
526 3076 681 3144 perfidorum
691 3075 852 3138 crudelitate,
867 3091 897 3127 ac
910 3073 1026 3143 fidelium
1041 3091 1099 3130 ιιι·
1148 3076 1246 3130 irritus.
1256 3075 1387 3130 Geilnrins
1402 3075 1435 3129 ad
1452 3089 1545 3130 vocent
1561 3073 1682 3128 Piorusi
1696 3074 1794 3143 allegat
1806 3072 1929 3128 ceretii

303 3155 390 3201 seeum
401 3145 539 3208 dmott‘one,
548 3144 706 3198 tenatorum
716 3154 814 3214 martur
823 3147 858 3197 ad
868 3147 1005 3213 sepulture
1017 3144 1098 3200 douo·
1149 3143 1299 3212 Fructuosi,
1317 3145 1350 3198 Et
1366 3148 1471 3216 perlusa
1490 3161 1559 3199 utero
1575 3145 1694 3214 leniantur
1707 3159 1787 3198 osso:
1802 3144 1871 3212 atiud
1884 3143 1931 3210 jairi

304 3215 457 3285 rificenliam
472 3212 532 3268 inde
545 3215 653 3281 leuatus,
668 3215 814 3284 diptiacum
825 3216 962 3268 reuerentia
977 3216 1098 3280 mnnrrn-
1151 3216 1314 3269 indicaverat
1327 3216 1451 3270 Bortliius
1466 3215 1513 3270 lili.
1534 3231 1586 3277 ιιι,
1603 3229 1663 3283 cop.
1678 3214 1695 3270 9
1712 3215 1780 3269 Adit.
1804 3215 1840 3267 At
1862 3217 1885 3267 in
1905 3227 1933 3267 eo

304 3296 357 3352 tur,
375 3296 399 3339 et
417 3284 465 3339 aul
479 3300 553 3338 ancre
566 3285 644 3338 altari
664 3295 835 3339 extramuros
852 3287 967 3365 ejusdem
988 3287 1098 3340 ciuitatis
1151 3285 1252 3354 ltyinno
1263 3299 1353 3340 sermo
1366 3298 1408 3341 est
1421 3286 1455 3339 de
1468 3286 1574 3340 ossibus
1589 3273 1709 3340 noudum
1725 3284 1858 3355 sepultis:
1872 3298 1932 3338 nuuc

308 3354 435 3410 Valentio
444 3354 478 3407 ad
493 3355 601 3423 quietern
614 3358 755 3421 reponitur.
771 3354 800 3407 lii
818 3365 884 3409 aeus
897 3354 927 3410 S.
939 3358 1096 3415 Saturnini:
1151 3356 1186 3411 dc
1198 3355 1305 3410 ossibus
1318 3357 1436 3411 sacrario
1447 3356 1585 3424 scriniariis.

304 3425 541 3493 Tumulariamtal.
558 3423 763 3495 tumultuariam)
777 3442 806 3479 eo
822 3437 934 3492 teuipore
955 3428 1046 3480 nieruit
1060 3444 1100 3481 ιι·
1185 3426 1247 3481 515.
1263 3426 1320 3481 lili.
1342 3443 1359 3481 ii
1381 3428 1514 3489 llaeliili„
1530 3441 1589 3491 cap.
1612 3439 1657 3487 ιιι,
1678 3424 1799 3489 liistoria,
1820 3435 1847 3481 et
1869 3439 1933 3478 mors

304 3497 448 3560 pulsurum,
463 3495 567 3550 scilicet
582 3504 689 3564 propter
705 3494 821 3550 iurarem
835 3494 985 3563 peritilium.
1000 3497 1028 3552 S.
1050 3497 1098 3552 lla·
1149 3506 1252 3565 septem
1282 3498 1375 3551 liorum
1402 3497 1513 3552 lrairum
1542 3494 1706 3550 describitur
1731 3498 1774 3564 (pii
1799 3494 1932 3549 llnelisliii

305 3567 411 3632 lerium,
427 3567 471 3636 qui
487 3578 539 3619 nun
554 3565 599 3620 diu
615 3575 675 3627 nost
691 3565 721 3622 S.
738 3564 908 3621 Wncentimn
931 3568 1008 3628 ulilit,
1031 3576 1100 3620 tem·
1149 3567 1213 3621 dicti
1229 3576 1301 3634 sunt,
1318 3567 1388 3635 anau
1405 3569 1430 3621 iu
1451 3583 1484 3621 en
1498 3568 1568 3620 liliro
1586 3566 1704 3619 rinrratio
1723 3567 1757 3619 de
1771 3581 1863 3621 eruum
1883 3578 1932 3617 tor·

306 3638 379 3707 plum
393 3637 421 3690 S.
440 3636 570 3691 vincentii
585 3637 626 3691 sui
640 3637 745 3691 diaconi
770 3638 878 3691 nomine
896 3638 961 3705 erigi
981 3639 1007 3693 lii
1022 3639 1098 3707 oppi·
1150 3638 1246 3692 mentis
1259 3646 1288 3693 et
1300 3637 1373 3691 oliitu
1387 3640 1565 3693 contineatur.
1584 3634 1683 3690 Confer
1697 3640 1722 3688 in
1737 3636 1858 3690 llomano
1869 3650 1932 3691 rers.

305 3707 369 3761 dulo
393 3709 478 3762 lineto
489 3721 599 3762 curasse
610 3708 738 3762 lectiones
752 3707 833 3762 ollicii
849 3708 949 3775 proprii
961 3708 1097 3775 llispnirici
1150 3708 1199 3763 151
1214 3718 1242 3762 et
1255 3723 1331 3775 seqq.

304 3775 425 3832 relerunt
435 3794 442 3832 ε
454 3778 524 3848 quod
536 3777 717 3832 monumentis
726 3778 901 3842 antinuisnon
914 3782 1096 3834 eonllrmaiur.
1184 3776 1249 3835 stt.
1261 3778 1337 3833 ulei.
1350 3780 1443 3832 scrinii
1458 3776 1612 3832 Esaiacum
1621 3774 1736 3831 Weltzio
1747 3785 1773 3830 et
1787 3777 1855 3830 aliis.
1868 3773 1932 3838 illd,

341 3846 405 3903 515.
420 3848 492 3911 lini,
507 3848 628 3917 qriietaut,
647 3848 693 3900 sed
716 3859 865 3902 correctum
883 3849 1001 3916 quietem,
1023 3851 1097 3918 nid,
1149 3849 1302 3915 din-pune
1318 3849 1374 3913 ed,
1390 3848 1483 3910 satir„
1495 3860 1563 3902 secto
1577 3848 1635 3900 sirie
1647 3863 1704 3911 que.
1717 3848 1810 3900 isaiaiit
1826 3847 1931 3912 proplie-

305 3918 429 3985 delu‘tum,
440 3918 565 3973 uidelicet
579 3920 647 3972 altar
660 3918 785 3972 detritum.
801 3918 937 3971 Giseliuus
950 3919 984 3972 iia
1003 3920 1098 3974 edide·
1151 3930 1205 3971 tam
1217 3934 1291 3972 serra
1306 3921 1391 3985 lignes
1403 3921 1548 3974 dissectum
1560 3918 1654 3976 luisse.
1672 3918 1885 3972 erinstaniidsiuia
1897 3925 1933 3968 ιιι

305 3999 356 4047 rat.
369 3989 416 4044 sed
427 3990 544 4044 correxit
555 3989 675 4055 delitam,
686 3988 757 4058 quod
769 3988 867 4043 liabent
878 3989 957 4043 codd.
969 3991 1099 4044 vetustiu-
1149 3989 1304 4042 iudeorum
1320 3990 1438 4055 traditio,
1452 4006 1512 4058 quse
1534 3988 1656 4056 miurinus
1671 3989 1874 4042 aniciortiariuus
1893 3986 1933 4040 lu·

305 4073 350 4114 res
365 4060 448 4113 nostri
464 4071 490 4114 et
502 4057 650 4115 lleinsiani.
1149 4058 1224 4121 stirii,
1239 4059 1375 4128 (trigenis,
1395 4058 1537 4126 Lactaniii,
1554 4058 1656 4119 Basilii,
1674 4058 1777 4119 llilsrii,
1794 4057 1933 4117 Auilnnsii,

341 4131 405 4185 517.
418 4130 615 4184 ιὶΙιιιιιιιΙιιᾱιι
626 4130 663 4183 ιιι
679 4125 852 4181 Prudeniinm
864 4127 1001 4196 accepisse
1015 4145 1099 4183 sacra·
1151 4130 1317 4199 Hieronymi,
1329 4140 1356 4184 ιι
1374 4130 1487 4183 alioruin
1516 4129 1625 4183 Petrum
1643 4127 1828 4182 confirmatur.
1851 4125 1934 4181 Adisis

305 4200 373 4254 rium
383 4213 433 4267 pro
445 4200 618 4269 pastoplinrio
632 4214 679 4252 ιιι
692 4198 848 4261 secretorio,
860 4212 957 4266 nempe
970 4198 1014 4254 illa
1031 4209 1099 4253 tem·
1150 4201 1311 4267 interpretes
1333 4200 1367 4253 sd
1391 4214 1463 4256 uers.
1479 4202 1513 4255 51
1529 4215 1588 4266 cap.
1607 4214 1644 4253 si.
1661 4198 1747 4266 Epist.
1771 4198 1888 4267 Apostoli
1904 4198 1933 4250 ad

306 4269 342 4337 pli
358 4276 434 4336 parte
448 4269 493 4322 ulii
512 4283 587 4323 saera
608 4277 784 4336 reponuntur,
806 4278 833 4322 ιι
853 4268 896 4323 ulii
919 4276 982 4323 sunt
1005 4280 1097 4325 saneta
1150 4269 1295 4325 lleliraeos:
1313 4269 1434 4339 lapidati
1447 4280 1517 4341 tunt,
1534 4271 1596 4324 iacti
1609 4279 1679 4338 sunt,
1693 4280 1746 4325 etc.
1762 4270 1817 4323 lloc
1837 4277 1934 4320 notatu

304 4348 472 4393 tariotarum.
484 4335 536 4393 Sed
546 4352 607 4393 cuin
617 4337 763 4393 sacrarium
772 4339 992 4408 sigitilicetetiam
1003 4341 1097 4405 altare,
1149 4341 1294 4394 discrimen
1307 4341 1377 4396 inter
1388 4342 1538 4408 proximum
1550 4350 1576 4394 et
1587 4341 1715 4406 ricinum,
1726 4343 1797 4409 quod
1808 4339 1933 4407 proximus

306 4409 340 4487 ιιι
350 4408 427 4461 alteri
439 4406 526 4475 potius
537 4408 563 4462 id
577 4409 690 4476 accipio,
703 4410 737 4463 de
748 4424 802 4479 quo
816 4411 893 4477 paulo
906 4420 968 4464 ante
980 4409 1099 4464 Prudeu·
1150 4411 1173 4464 is
1185 4410 1283 4464 dieitur
1295 4425 1348 4479 atio
1362 4425 1442 4465 nemo
1454 4425 1492 4465 esi
1513 4410 1638 4474 vicinior,
1653 4410 1756 4464 ricinus
1772 4423 1835 4463 iero
1853 4415 1933 4475 potest

307 4486 369 4539 tius,
385 4477 465 4531 etcui
486 4493 547 4533 osse
567 4477 617 4533 SS.
637 4489 783 4550 martyrum
805 4479 912 4547 subjici,
937 4488 1054 4534 testatur
1072 4482 1098 4534 in
1151 4494 1204 4534 non
1219 4481 1441 4547 esseprotimus,
1456 4482 1560 4536 elalius
1575 4480 1745 4535 sitvie'iiiior.
1763 4477 1932 4545 Flammis·

308 4544 360 4601 line
382 4547 493 4602 Eulaliae
511 4558 539 4603 et
559 4549 707 4605 octodecim
724 4560 868 4621 martyrum
883 4549 1099 4619 Caesaraugusta-
1150 4550 1264 4612 tentius,
1277 4548 1384 4617 Cicero,
1401 4561 1428 4606 et
1448 4552 1492 4604 nlii
1510 4551 1647 4620 eleganter
1660 4552 1825 4621 coniungunt
1844 4550 1932 4603 ricinus

307 4631 414 4673 tiorum.
1153 4622 1301 4686 proximan,-
1316 4631 1403 4690 potest
1413 4624 1484 4676 enirn
1505 4623 1601 4691 aliquis
1615 4636 1675 4675 esse
1688 4625 1836 4690 proximu,
1846 4625 1872 4673 et
1886 4633 1932 4671 nun

342 4685 407 4743 sis.
420 4684 494 4767 Vati.
507 4688 540 4770 d,
556 4687 586 4751 B,
600 4688 679 4751 liar„
693 4690 766 4753 ilai,
782 4690 870 4759 Prnp„
882 4691 1055 4762 jamjamque
1066 4691 1099 4743 ad
1114 4675 1266 4759 liticines,
1286 4703 1315 4745 ιιι
1334 4692 1403 4760 apud
1428 4692 1566 4757 Virgilium
1590 4691 1636 4746 lili.
1663 4708 1690 4759 ι,
1713 4690 1848 4745 eron-inno
1869 4688 1933 4749 duic,

306 4770 390 4837 arant.
406 4756 499 4810 ilelius
512 4773 639 4825 amantque
652 4758 686 4811 ad
694 4776 778 4813 aram.
794 4764 871 4815 diet.
885 4778 899 4813 a
913 4762 995 4825 primu
1007 4778 1098 4825 mauu,
1153 4761 1229 4831 lonpo
1240 4767 1285 4814 sed
1296 4764 1427 4833 prosimus
1436 4763 1579 4817 interualla.
1594 4761 1729 4815 interdum
1742 4763 1792 4817 ltoc
1801 4761 1934 4815 discrimen

305 4841 437 4896 ornantque
454 4828 489 4880 ad
503 4843 584 4893 oram,
601 4830 688 4883 minus
708 4830 840 4897 apposite.
862 4830 973 4886 llidntur
988 4833 1100 4885 innuere
1132 4842 1139 4853 ’
1154 4847 1206 4885 riou
1224 4831 1394 4900 uliseruatur,
1406 4842 1435 4887 et
1449 4834 1582 4904 prosimus
1593 4833 1702 4901 ponitur
1721 4847 1769 4902 pro
1782 4833 1865 4888 riciuo
1878 4846 1934 4898 pro·

306 4895 468 4952 Prudentius
490 4898 689 4953 distinctionem
712 4900 783 4954 inter
805 4908 877 4956 airam
903 4903 1050 4967 ettiliano,
1073 4912 1101 4956 et
1155 4906 1240 4957 tinio.

307 4980 419 5036 corpori
438 4978 591 5022 sanctornm
611 4969 693 5023 luisse
712 4970 817 5025 condita
833 4972 884 5025 suli
898 4972 986 5037 altari,
1004 4982 1032 5025 et
1047 4987 1100 5032 non
1188 4972 1251 5026 525.
1268 4972 1329 5028 dlii.
1341 4973 1446 5036 ritiose.
1459 4974 1592 5046 coutinpit.

306 5036 358 5091 suli
370 5052 427 5106 ara,
442 5038 489 5092 sed
500 5038 533 5091 nd
544 5053 617 5091 arani
633 5039 855 5096 subterliumum.
873 5042 939 5097 llide
953 5054 1099 5098 comment.
1188 5042 1252 5098 552.
1274 5044 1411 5099 Giselinus
1430 5045 1467 5097 nit
1487 5054 1622 5112 receptam
1638 5044 1799 5113 scripturam
1818 5055 1874 5097 esse
1896 5046 1936 5092 aut

307 5108 339 5161 sd
357 5123 426 5163 vers.
443 5107 494 5164 110
510 5108 645 5163 Paestano
661 5109 805 5177 llippulpti.
1153 5113 1245 5167 uinclis
1261 5110 1340 5177 didit,
1356 5116 1402 5170 sed
1420 5130 1471 5167 non
1486 5116 1544 5169 siue
1561 5115 1635 5186 grati
1651 5116 1766 5170 mendo:
1785 5114 1893 5169 iortasse
1905 5111 1935 5164 iii

342 5178 405 5234 519.
421 5178 616 5241 delinimentis,
632 5177 838 5244 ctinnnitnntns,
860 5180 990 5237 cellarius
1009 5183 1096 5252 expli·
1152 5193 1214 5237 erat
1239 5186 1264 5237 iu
1285 5184 1403 5239 editione
1426 5186 1621 5251 carcaniensi,
1637 5201 1716 5253 quam
1737 5201 1790 5240 non
1814 5182 1935 5238 uidimus:

307 5258 368 5328 cnut
383 5262 445 5303 essa
465 5259 612 5319 niertyrum
634 5251 735 5311 iniecta
756 5266 864 5305 manere
878 5265 1034 5307 cniiseruata
1055 5256 1096 5307 dr·
1155 5255 1191 5308 lin
1206 5265 1279 5309 certe
1291 5266 1331 5308 est
1347 5257 1372 5309 iri
1386 5254 1460 5310 steti.
1476 5265 1503 5311 ιι
1524 5256 1617 5321 1”ι1ιι.,
1637 5255 1684 5310 sed
1705 5256 1731 5310 iu
1750 5251 1937 5311 ntdnctnrele

307 5332 502 5377 utnomunere.
516 5319 624 5379 Terillus
644 5321 728 5374 mulio
750 5320 845 5372 niellus
860 5321 984 5390 iutelligit
997 5325 1031 5379 de
1052 5337 1095 5376 sai·
1154 5325 1225 5394 gitur
1237 5337 1280 5379 aut
1296 5328 1371 5378 undis
1382 5328 1461 5382 dedit.

308 5401 446 5456 memento
458 5391 637 5455 earlier-istinc,
652 5392 721 5459 quud
742 5389 769 5442 in
792 5390 868 5443 altari
890 5401 916 5444 et
940 5407 1026 5462 super
1041 5409 1102 5447 oen
1191 5397 1255 5449 555.
1270 5396 1346 5459 did,
1360 5394 1418 5450 Gis.
1434 5397 1586 5464 primord,
1602 5414 1661 5451 uam
1672 5412 1723 5469 pro
1734 5415 1804 5453 num.
1819 5392 1937 5451 ertz'iffi

309 5468 455 5543 martyrum
468 5465 653 5544 peragebatur.
672 5461 737 5544 llide
753 5470 898 5541 comment.
911 5461 943 5516 nd
962 5464 1056 5543 liymn.
1071 5465 1101 5519 8.
1157 5482 1206 5532 pro
1227 5481 1286 5518 nam
1305 5466 1369 5519 citat
1385 5467 1551 5535 Fabricium,
1567 5470 1610 5539 qui
1636 5480 1724 5524 tamen
1747 5470 1810 5540 legit
1828 5481 1892 5521 num.
1911 5459 1936 5515 ld

310 5528 420 5582 lnilntnn
430 5545 500 5586 vers.
515 5531 579 5587 ste.
598 5532 731 5587 Existimo
743 5541 823 5586 etiarn
840 5530 1015 5585 Prudeuttuiu
1036 5535 1104 5586 a‘lii-
1156 5539 1235 5589 utilce
1249 5550 1340 5587 uerum
1354 5548 1406 5590 est.

309 5595 418 5651 deroad
434 5599 552 5655 loratueu
566 5605 607 5658 rel
624 5602 751 5657 loraruina
762 5592 823 5671 q'ure
835 5601 862 5655 in
876 5603 1015 5670 superiore
1028 5615 1104 5672 parte
1193 5604 1369 5660 55511515.
1393 5622 1484 5673 supin,
1503 5608 1560 5664 Gis.
1584 5610 1617 5664 nd
1632 5625 1721 5676 ornm,
1736 5620 1869 5679 raptamur.
1885 5601 1936 5655 ilc·

309 5668 492 5727 sepulcrorum
518 5672 566 5727 88.
590 5681 736 5744 martyrum
760 5671 959 5743 aperiebantur,
980 5687 1027 5743 per
1042 5688 1103 5743 uun
1167 5676 1220 5731 lini
1234 5687 1371 5736 conrnune.
1391 5677 1472 5733 Pellio
1486 5691 1559 5750 rapta
1575 5683 1682 5750 proprie
1695 5692 1736 5736 ιιι
1750 5678 1844 5735 uiuenti
1856 5672 1937 5729 adin·
