4150 6192
236 287 269 347 19
782 292 921 348 nunniti
941 291 1125 351 PRURENTll
1144 296 1313 354 citimus.
1830 310 1866 364 16

322 401 445 459 Animam
460 399 556 457 deiude
569 401 681 471 sp'mus
694 404 881 472 complexibus
1036 417 1061 474 Α
1163 415 1238 471 Tune
1248 431 1307 472 sera
1320 417 1411 474 dotem
1425 419 1566 496 possidens
1581 434 1724 489 puerpera,

236 474 271 550 66
324 492 517 559 Pleminium,
533 491 615 560 prolis
629 500 767 561 expertem
779 494 838 559 diu,
1166 505 1278 561 llarede
1291 506 1372 578 digno
1389 509 1474 577 patris
1489 508 1610 580 implebit
1626 508 1746 564 domum.

323 584 414 640 Faciet
429 585 539 655 perenni
555 584 669 641 1661166
681 585 716 673 tle
730 589 843 642 semine.

882 677 1024 735 GLOSSAE
1042 675 1212 734 VETERES.

271 786 317 841 ot.
334 785 467 850 1161666,
479 803 556 856 qnam
567 787 634 843 Sara
643 787 781 859 siqnificot.
796 820 830 831 -
840 789 966 854 Spiritus.
978 806 1023 855 per
1073 790 1156 846 illud:
1168 808 1226 844 cam
1241 800 1324 844 eutem
1337 790 1462 861 pepererit
1474 804 1593 861 putrem,
1610 799 1675 855 eto,
1699 788 1719 843 l.

233 856 703 925 661611661661119666666666666,
713 863 876 922 66666666
888 858 1023 925 866661.
1109 861 1153 916 61.
1171 862 1276 923 nutem,
1290 861 1386 913 scilieet
1395 860 1532 921 uirtutum.
1551 860 1628 912 sitam
1641 859 1865 930 6661666116-

270 926 315 979 65.
331 927 459 990 11661166,
474 943 596 997 syncopa,
610 928 686 980 idest
700 929 873 996 conjunctam.
885 930 959 998 quasi
969 945 1024 983 ma·
1074 939 1140 985 etam
1151 935 1243 995 nitom,·
1257 932 1304 983 iios
1322 931 1383 984 sinit
1397 935 1494 983 intrare
1511 944 1575 999 qnos
1602 931 1693 999 diqnos
1714 930 1814 997 probat.
1828 958 1865 972 ·-

233 994 346 1059 ritatant‚
361 996 472 1060 aterio,
486 997 613 1063 quodem,
627 997 729 1063 merito,
744 1015 784 1051 as.
800 1028 835 1040 -
849 998 948 1065 Prone,
969 1000 1022 1052 oir-
1075 1001 1220 1070 Puerpera.
1236 1016 1343 1069 puerum
1353 1002 1466 1069 pariens.
1480 1000 1531 1055 lto.

233 1073 341 1118 tntnmr
360 1065 510 1119 irituaiium.
520 1095 556 1106 -
570 1067 723 1133 Expectem,
739 1068 862 1137 iquorem,
876 1068 895 1122 l.
1111 1071 1156 1127 68.
1173 1071 1284 1125 Raeretle
1299 1070 1387 1137 digno,
1403 1069 1542 1124 terrendum
1555 1068 1639 1123 iliud:
1655 1067 1717 1122 Filii
1733 1068 1782 1134 tei,
1795 1069 1862 1122 sicut

268 1133 313 1216 66.
341 1082 476 1216 Eortilenr.
492 1135 651 1205 fructiferam
670 1138 813 1192 cambonio
839 1137 966 1208 operibat.
985 1167 1021 1178 —
1074 1138 1863 1211 6661166116666,661161.·111696ῥίὶοεεοωηηαορωο

234 1202 354 1265 Semne.
371 1220 393 1257 st
405 1221 490 1259 semen
502 1215 539 1258 est
552 1207 655 1260 neriam
662 1205 720 1271 Dei,
741 1219 924 1277 consequenter
935 1217 959 1261 et
971 1207 1021 1275 itit
1075 1221 1131 1270 nort
1143 1226 1154 1264 .·
1164 1211 1197 1265 Et
1208 1226 1286 1281 opera
1296 1226 1419 1263 manuum
1432 1218 1575 1262 nostrarum
1585 1209 1667 1278 diripe
1680 1224 1759 1278 snper
1768 1223 1863 1261 rtet.-

233 1288 311 1344 opern
321 1283 390 1337 tant,
405 1290 513 1344 quorum
527 1276 615 1346 ntique
633 1276 747 1331 mercede
768 1278 795 1330 in
817 1278 869 1346 line
881 1276 1021 1331 dominabi-
1073 1280 1171 1345 Patris,
1184 1281 1328 1335 ostenditur
1338 1279 1543 1350 perdioinr'tatem
1555 1290 1580 1333 et
1591 1280 1794 1340 humanitatem:
1823 1288 1862 1332 aa

233 1358 308 1407 mnr,·
322 1360 374 1397 non
392 1345 525 1414 seminem,
539 1346 567 1399 id
584 1356 687 1400 estnon
706 1346 783 1401 molle
800 1349 863 1416 quid
877 1365 908 1402 oc
920 1345 1020 1401 retolu·
1073 1352 1188 1404 cumeint
1198 1351 1260 1417 duo,
1272 1348 1612 1415 nontamcndno,eedunut
1624 1347 1796 1415 micerium,
1819 1361 1862 1402 so.

232 1421 297 1482 tem,
310 1415 355 1467 red
369 1430 484 1483 peterem,
499 1414 528 1468 id
539 1424 586 1478 eti,
598 1418 664 1484 {orte
679 1432 711 1470 at
723 1417 834 1472 solidum
845 1418 982 1488 parientes,
992 1424 1021 1471 et

904 1522 1185 1581 COMMENTARIUS.
1270 1551 1275 1561 ·

268 1633 313 1690 61.
328 1633 403 1701 tlt..
419 1633 477 1691 Gis.
492 1634 518 1690 in
529 1637 680 1692 contextui
702 1636 759 1702 ed„
782 1636 956 1702 cornemium·
975 1636 1020 1690 alii
1111 1634 1242 1703 omit„
1271 1633 1366 1699 11666,
1391 1642 1419 1688 et
1439 1633 1485 1688 alii
1511 1632 1597 1700 rtth..
1625 1630 1717 1686 Sarra.
1737 1629 1861 1698 Plerique

231 1704 330 1769 melius
341 1703 523 1774 conttpireiiut.
1073 1704 1139 1763 editi
1160 1716 1188 1762 et
1215 1721 1293 1771 mss„
1307 1720 1374 1765 tero,
1389 1710 1418 1757 ut
1436 1711 1499 1758 aute
1519 1717 1591 1757 vers.
1604 1701 1632 1763 2.
1651 1700 1861 1755 Aimiemttrtts

267 1772 312 1828 65.
328 1773 594 1843 multimammiam
608 1776 687 1840 liene,
710 1791 759 1844 pro
774 1778 826 1847 pie.
840 1773 869 1829 ln
885 1773 1020 1830 nonnullis
1072 1771 1859 1849 peraticum.insinuemuspriuatimustmasupra.

232 1841 317 1911 vulg..
333 1853 478 1914 expertem
495 1847 600 1915 corripe
614 1856 752 1914 expertem.
766 1846 900 1903 Cauchius
921 1860 955 1902 ex
974 1859 1019 1901 co·
1106 1846 1153 1902 68.
1169 1846 1266 1912 Palae,
1282 1845 1413 1915 1661661,-
1426 1843 1522 1898 melius
1531 1842 1657 1912 implebit.

232 1912 290 1968 dioc
305 1915 406 1982 scripto
421 1916 538 1971 malebat
547 1917 588 1987 pie
599 1918 733 1970 maritant.

755 2156 1327 2273 PSYCHOMACHIA.

930 2382 1170 2397 Μ

319 2505 398 2577 587
413 2503 530 2569 Christe,
543 2516 640 2576 graues
659 2502 799 2559 homiuum
814 2518 921 2573 semper
935 2506 1017 2560 mise·
1034 2510 1056 2569 Β
1158 2509 1208 2577 Qui
1222 2512 1307 2581 patrie
1324 2509 1423 2565 virtute
1439 2509 1518 2575 cluis,
1530 2487 1700 2581 propriique.
1716 2513 1763 2567 sed
1778 2528 1844 2581 uun,

780 2595 850 2671 [rate
864 2595 981 2661 labores.
1162 2600 1265 2669 (Unum
1278 2601 1761 2672 namquellenmeniimusdenuminu
1771 2605 1859 2659 trino:

887 2727 1033 2787 GLOSSAE
1052 2730 1222 2789 VETERES.

267 2847 292 2904 1.
308 2847 900 2919 6666166666-111666616,66611616166
914 2846 1016 2901 aterio
1070 2849 1116 2901 teti
1133 2847 1217 2903 Fiittte
1230 2851 1330 2919 ejurent
1341 2851 1420 2917 :quia
1433 2866 1482 2903 non
1496 2865 1561 2913 ete,
1572 2853 1617 2903 sed
1628 2850 1658 2902 66
1670 2865 1700 2902 eo
1709 2850 1765 2917 ipso
1774 2854 1858 2921 qrnuit

230 2919 347 2982 niterer,
362 2919 426 2974 aris.
441 2917 510 2987 quod
521 2918 585 2987 reqit
598 2919 789 2979 necesarium,-
804 2916 863 2969 ltinc
876 2916 954 2969 etiem
967 2917 1015 2968 mi·
1069 2934 1104 2970 se.
1113 2918 1348 2983 -Cluis‚eretrit,
1357 2919 1446 2985 pollet.
1456 2948 1490 2961 -
1499 2919 1668 2975 1166611661
1679 2920 1828 2975 attinentia.
1838 2925 1856 2974 Ι.

229 3003 317 3041 terant
331 2988 388 3041 ait.-
403 2985 492 3040 i'enitr
504 2987 538 3039 ad
550 3001 588 3038 me
601 3001 698 3047 omnes.
710 3002 753 3055 qm
766 2985 899 3048 laboratis,
914 2984 965 3038 leo.
1105 2988 1132 3040 3.
1150 2988 1263 3042 Nomine
1283 2987 1365 3052 trino,
1381 2988 1471 3055 Pater,
1492 2997 1517 3042 et
1534 2985 1631 3055 Filius,
1644 2999 1667 3042 et
1680 2988 1857 3061 8616166666-

217 3054 226 3071 ·
264 3060 292 3108 2.
304 3054 402 3115 Patria.
415 3065 543 3126 paterna:
557 3063 665 3125 palerna
676 3055 755 3108 oirtttt
775 3054 891 3109 Curictam
910 3065 946 3107 est
958 3054 1019 3108 sui·
1071 3064 1136 3121 ctus,
1150 3056 1171 3110 1.

230 3127 348 3191 sternito,
363 3141 414 3179 non
428 3125 563 3189 occident‚·
579 3139 659 3193 neque
670 3123 782 3178 recentia
795 3125 907 3193 qualitas
916 3123 1015 3189 Patris,

909 3257 1191 3345 6666666663.

265 3397 292 3450 1.
313 3392 341 3449 16
358 3394 418 3449 ilat.
435 3395 479 3450 liic
490 3404 531 3449 est
567 3394 670 3460 titulus,
693 3392 788 3463 incipit
804 3392 1014 3463 Paqcitomaeicia
1065 3395 1149 3465 qratia
1170 3395 1248 3459 trino,
1271 3392 1526 3456 Interamnium.
1542 3393 1638 3448 iterum
1662 3393 1857 3452 :Enetutenim

228 3462 294 3520 iiber
311 3464 410 3520 Aurelii
435 3464 571 3520 preterit
593 3463 729 3519 Clementis
743 3464 775 3517 de
792 3480 878 3535 puqna
890 3466 1013 3519 uirtutum
1066 3472 1103 3518 est
1118 3481 1197 3518 enum
1211 3466 1278 3518 trino
1300 3466 1347 3518 sui
1371 3465 1472 3517 nomine
1484 3479 1579 3530 rrqem.
1597 3463 1630 3518 Et
1642 3465 1753 3532 epistula
1775 3466 1808 3520 ts
1821 3469 1855 3521 ad

228 3546 303 3603 otqee
316 3536 444 3589 citiorem.
461 3536 489 3589 lu
504 3536 579 3599 1166,
597 3534 741 3590 lnooratio.
758 3535 785 3588 lu
800 3535 933 3589 ueteribus
953 3535 1013 3590 aliis
1065 3537 1194 3593 Seterttm
1208 3553 1215 3589 ε
1229 3534 1371 3589 Ecceoelrtt
1383 3535 1448 3587 trino
1462 3534 1521 3586 colit
1534 3550 1614 3587 enom
1625 3537 1727 3587 nomine
1737 3547 1855 3597 merrtem,

229 3605 308 3662 codri.
323 3605 562 3659 destttttinterdum
577 3605 658 3659 tituli.
684 3603 789 3669 Smpius
813 3615 901 3659 autem
918 3603 1013 3659 inscri-
1065 3605 1519 3659 6166166666666661666666
1534 3619 1606 3672 opus.
1629 3604 1656 3658 lu
1671 3606 1792 3659 versinus
1809 3607 1856 3674 qui
1889 3650 1894 3659 .

228 3677 285 3746 ptio
299 3673 358 3728 tinri
382 3676 516 3745 reperitur
529 3676 555 3727 in
581 3673 744 3741 prelationis
760 3672 862 3737 limine.
882 3689 959 3743 qnam
985 3676 1012 3728 iu
1064 3674 1204 3728 Clattdinni
1218 3676 1326 3729 nomine
1347 3673 1583 3736 circumferuntur,
1606 3674 1662 3735 sed,
1677 3683 1706 3727 ut
1719 3674 1782 3727 nlilti
1798 3690 1855 3727 utro·

229 3743 350 3813 ejusdem
364 3744 596 3809 praeiatinuisiiue.
606 3744 711 3799 Primus
722 3744 774 3799 isle
782 3759 916 3799 uersusex
925 3745 1013 3798 imita·
1070 3744 1304 3810 uuiadjudicundt
1315 3756 1377 3800 sum
1386 3744 1537 3798 lleroltaudi
1545 3743 1710 3798 Scholastica
1719 3745 1854 3807 ilispmro:

227 3813 407 3883 tinneliirqilii
418 3814 735 3870 6661666666661166
746 3813 866 3878 Eueni..
886 3815 1013 3871 vers-56:
1071 3813 1110 3869 Ta
1122 3815 1193 3869 solut
1202 3814 1338 3886 Patrisque
1349 3830 1441 3877 comet,
1452 3822 1476 3866 et
1489 3814 1602 3895 Spiritus
1616 3814 1715 3874 insons.
1737 3813 1769 3866 Et
1780 3815 1855 3868 toties

227 3883 332 3946 ntem.
346 3898 433 3954 96666
450 3884 535 3957 Trojte
544 3900 642 3951 tentper
657 3885 774 3940 miserate
789 3884 901 3939 laboret.
1068 3901 1136 3940 nnat
1157 3886 1302 3956 triplicique
1324 3886 1350 3939 in
1368 3885 1471 3938 nomine
1493 3886 1611 3954 simplex.
1630 3882 1854 3951 sequiminique

262 3955 290 4009 5.
306 3955 334 4009 ln
349 3963 404 4008 um.
419 3954 453 4009 ml
478 3954 750 4023 praemuniens.
768 3955 798 4008 61
814 3954 873 4007 diiii
888 3957 920 4008 de
948 3955 1014 4008 l’ru·
1068 3961 1190 4023 tempore
1202 3955 1299 4010 sinulis
1313 3955 1412 4008 locutio
1436 3965 1494 4008 erat
1511 3953 1538 4008 iu
1553 3967 1612 4006 usu.
1628 3952 1779 4021 Drepanius
1790 3951 1852 4006 Elo-

226 4024 319 4080 deutio
340 4025 451 4095 aliisque
462 4025 563 4081 Latinis
574 4025 751 4092 scriptoribus
761 4037 832 4091 supe
846 4038 906 4078 esse
917 4038 1012 4088 super·
1067 4038 1126 4088 rus,
1141 4034 1216 4092 ponta
1227 4039 1308 4093 supra
1321 4024 1541 4083 suumsmculum,
1556 4023 1582 4076 in
1595 4023 1714 4077 carmine
1728 4021 1762 4076 de
1774 4036 1854 4077 cerco

226 4097 327 4158 Ruum;
343 4096 463 4164 adeoque
475 4095 545 4150 idem
561 4105 602 4150 est
617 4094 855 4157 denominentur,
870 4107 901 4146 ae
910 4093 1013 4146 nomino
1066 4092 1626 4161 posenniizltuumquerneaeetetrmtmi
1637 4094 1853 4158 nominationem

227 4167 304 4218 trino.
328 4163 450 4217 lleinsius
473 4164 536 4284 legit
557 4166 589 4216 tle
603 4164 703 4215 nomine
725 4169 832 4227 utroque
856 4176 916 4215 enm
943 4160 1010 4221 suis.
1066 4160 1559 4216 661161616661661661666661166.
1575 4160 1855 4216 instrumentumcou·

227 4233 317 4298 Eqm..
334 4232 436 4286 Bonou.
450 4240 476 4285 et
513 4232 569 4284 al:
585 4230 658 4297 quia,
668 4231 766 4298 iuquit,
779 4229 813 4284 de
829 4231 884 4285 lieo
897 4231 976 4286 Patre
986 4239 1014 4287 et
1027 4201 1051 4264 c
1065 4231 1198 4288 cessionis
1208 4232 1318 4287 ordonii
1335 4231 1366 4285 ΙΙΙ
1381 4245 1452 4286 auno
1465 4231 1529 4294 955,
1544 4241 1609 4286 tom.
1626 4230 1735 4285 xxxiv
1757 4231 1854 4297 Rispa-

227 4302 298 4355 Eilio
313 4310 415 4354 tautum
430 4300 494 4364 aqit.
517 4299 639 4354 Boethius
659 4299 706 4353 lib.
719 4316 733 4353 r.
745 4298 871 4365 adrem„
886 4315 946 4368 cap.
968 4302 1013 4367 11,
1066 4303 1118 4355 nire
1131 4316 1228 4356 sncrae.
1243 4317 1301 4369 quoq.
1318 4301 1430 4362 16666
1456 4301 1548 4369 incipit
1565 4301 1621 4354 ;16
1639 4303 1742 4355 nomine
1762 4301 1852 4368 triplo.

227 4369 328 4438 reperii
342 4369 462 4425 eamdem
483 4369 624 4425 lectionem
639 4370 665 4423 in
679 4369 739 4424 eud.
760 4370 872 4425 membr.
894 4379 1012 4436 vetusto,
1065 4372 1167 4442 simplo,
1180 4372 1277 4434 diuino,
1293 4370 1478 4438 eqo‘Ordortittt
1492 4382 1555 4424 nate
1574 4369 1621 4423 liei
1634 4387 1692 4432 ree.
1710 4380 1761 4424 etc.
1777 4371 1851 4434 Alia,

227 4438 274 4493 sed
293 4438 401 4507 conjicit
416 4438 557 4501 latendum
585 4451 609 4494 te
630 4440 872 4504 neminemnam!
887 4443 977 4509 potius
991 4450 1016 4495 te
1065 4442 1183 4509 qttaehuc
1195 4441 1292 4499 adduci
1308 4451 1427 4506 possent,
1442 4443 1520 4494 attuli
1533 4440 1741 4507 supraCatltem.
1756 4441 1849 4510 ltymu.

227 4510 330 4562 nemine
343 4511 419 4563 trino.
436 4509 532 4575 11666,
549 4510 597 4576 ait,
606 4507 689 4563 Deam
701 4510 800 4564 nomine
812 4519 911 4564 tantem
921 4512 1015 4564 trinum
1066 4510 1093 4574 5,
1108 4526 1177 4567 tero.
1188 4509 1235 4575 El),
1246 4521 1273 4566 et
1288 4511 1391 4579 praelet.
1408 4510 1555 4580 nputneus.
1566 4524 1637 4564 sets.
1650 4513 1677 4577 1,
1694 4512 1738 4565 ubi
1752 4511 1855 4565 similes

226 4579 310 4632 dicere
326 4594 374 4647 eqo
388 4580 509 4633 nonmtie
520 4579 590 4647 piem
606 4581 732 4641 existimo.
743 4595 973 4647 nequeconsonttm
981 4578 1012 4633 iit
1067 4581 1193 4649 loquendi
1205 4581 1331 4635 iormulas
1345 4589 1439 4635 eontra
1456 4581 1626 4635 lliucmarum
1636 4580 1753 4635 delendi.
1770 4581 1856 4635 Porro

227 4663 284 4713 666
295 4664 325 4701 eo
341 4649 622 4719 imparticipatum,
641 4648 765 4720 11116161,
782 4648 949 4714 Athanasius,
964 4648 1016 4721 Cy·
1070 4651 1169 4706 liabent
1182 4652 1214 4705 de
1230 4653 1333 4705 nomine
1356 4652 1424 4705 trino
1442 4649 1522 4705 codd.
1537 4650 1620 4715 listi..
1633 4651 1663 4717 C,
1679 4651 1711 4716 D,
1729 4651 1759 4715 i,
1772 4649 1805 4713 G,
1823 4649 1855 4717 L,
1871 4688 1875 4696 .

227 4717 870 4789 666,11166666666166666666666
893 4722 1015 4787 mqrterio
1067 4721 1101 4785 11,
1115 4725 1149 4787 11,
1167 4723 1218 4775 RB.
1243 4721 1272 4775 lu
1292 4719 1354 4777 eod.
1371 4721 1428 4774 llut.
1452 4719 1485 4784 11,
1498 4731 1539 4774 etr
1574 4735 1636 4773 uea
1658 4720 1742 4788 prima
1763 4735 1854 4784 manti,

227 4791 392 4855 scripserant,
403 4805 511 4858 quarunt
524 4806 585 4845 saue
602 4789 734 4843 nullmita
745 4791 899 4860 loquatur...
914 4790 946 4845 Si
958 4792 1016 4860 qais
1066 4805 1148 4860 supra
1170 4792 1247 4846 trino.
1265 4791 1293 4845 lu
1309 4794 1400 4853 illex..
1419 4800 1538 4860 utroque.
1584 4790 1718 4854 ieuucus„
1739 4790 1856 4853 llariet..
1920 4794 1927 4801 '

228 4870 311 4914 mrtem
321 4858 632 4930 scriptoreircumspsotes
647 4860 804 4930 iemqtteriit
819 4860 891 4930 piari,
907 4861 929 4915 is
941 4876 1014 4926 eane,
1067 4860 1141 4928 Rae,
1161 4862 1233 4924 niu..
1247 4860 1316 4925 Gis„
1331 4860 1428 4915 Weilz.
1444 4870 1472 4914 et
1486 4869 1588 4915 veteres
1602 4858 1679 4923 editi,
1694 4860 1771 4922 trino,
1785 4857 1856 4926 quod

228 4930 422 4999 etiamtipoeta,
436 4930 503 4998 qaod
517 4946 596 5000 qenes
618 4931 722 4982 licente
739 4933 837 5002 majore
855 4931 1013 4996 elidimur,
1067 4931 1264 4987 Chamillardus
1276 4931 1405 5000 praetulit.
1421 4930 1561 4994 cellanus,
1575 4929 1675 4983 lleiusii
1694 4927 1856 4982 auctoritate

228 5010 266 5054 ert
276 4999 432 5053 Prudentius
445 5011 541 5065 notter,
554 5015 584 5053 eo
604 5001 680 5053 etiam
700 5003 803 5054 nomine
818 5002 933 5055 omnium
948 5016 1017 5055 cont-
1069 5011 1216 5067 permotus.
1233 5000 1440 5064 utroeeeedidit,
1457 5000 1528 5068 qnod
1543 4998 1627 5052 tenurit
1643 4996 1856 5050 6661661166.

228 5071 388 5124 mentatione
400 5070 575 5140 atquinium.
586 5069 684 5124 Verum
698 5069 762 5123 iiiut
784 5069 909 5124 Rartlrius
929 5079 1012 5134 errat,
1067 5069 1280 5127 ConierPetrum
1292 5069 1478 5124 Constantium
1494 5070 1520 5122 in
1534 5066 1661 5123 i'ittdieiis
1674 5073 1794 5120 velerum
1810 5079 1857 5119 eo·

229 5138 300 5205 quod
326 5148 399 5206 putet
425 5139 493 5193 alins
515 5140 565 5196 SS.
593 5139 694 5204 Patres,
724 5140 861 5193 Prudentii
884 5141 1021 5208 aquales.
1068 5140 1357 5198 dieum'cnuilrmaiis.
1380 5141 1424 5208 qui
1444 5137 1640 5192 Gottescalctuu
1659 5143 1752 5190 contre
1777 5135 1858 5191 ilinc-

231 5208 313 5263 lteum
328 5211 428 5263 nemim
437 5210 502 5263 trino
516 5224 652 5278 uunquam
666 5209 766 5263 dixisse
778 5224 785 5262 :
797 5208 867 5277 quud
881 5210 954 5263 enim
970 5210 1017 5263 ad·
1068 5227 1172 5266 marum
1191 5220 1291 5272 tuetur.
1306 5218 1333 5263 et
1347 5209 1468 5263 Lamiam
1483 5206 1517 5262 de
1535 5217 1606 5260 recta
1623 5207 1789 5260 Ricaeunrum
1806 5205 1859 5263 Pt-

229 5279 277 5341 dit,
292 5293 345 5332 non
364 5294 425 5335 esse
438 5282 503 5335 sotis
518 5280 589 5347 pium
613 5278 714 5341 dicere,
731 5281 812 5332 Deum
826 5280 1017 5334 esse-nomine
1070 5293 1139 5335 666
1157 5279 1224 5334 Fide
1235 5294 1296 5342 666.
1313 5278 1505 5339 5666616,
1525 5276 1570 5342 qui
1588 5276 1615 5330 iu
1630 5276 1729 5331 llissali
1750 5276 1823 5332 edito
1843 5289 1858 5330 a

229 5353 330 5400 tentem
338 5349 417 5410 trino.
433 5365 484 5405 666
497 5364 629 5419 repurgium
644 5346 691 5402 sed
703 5348 857 5403 adrerltium
874 5349 1017 5404 tantumde
1069 5351 1144 5404 eard.
1160 5349 1307 5403 'Titntttaiio
1322 5351 1389 5402 trina
1404 5347 1495 5401 ueritas
1510 5347 1538 5400 in
1553 5347 1809 5416 interrogationibus
1824 5347 1857 5399 ad

230 5430 280 5467 suu
291 5416 336 5470 ille
350 5418 481 5486 adjunxit,
495 5419 566 5491 quod
581 5419 606 5474 iu
625 5416 771 5473 Prudentia
785 5433 837 5472 nou
863 5417 971 5486 lcqitnr.
985 5417 1015 5473 S.
1070 5420 1220 5488 baptizatos
1233 5418 1286 5473 dici
1297 5418 1431 5479 obseurat,
1444 5415 1651 5482 Retniniumqne
1664 5416 1772 5480 refellit,
1788 5414 1858 5483 qttod

230 5485 375 5553 Gregorius
385 5489 565 5546 Nazianzenus
580 5490 607 5544 in
620 5496 734 5543 tractatu
747 5489 781 5542 de
797 5486 879 5552 Fide.
892 5496 953 5554 pust
965 5486 1018 5542 iui-
1072 5491 1175 5542 tttsun.
1192 5487 1284 5542 secuti
1301 5503 1347 5542 rut
1370 5502 1430 5552 cap.
1451 5488 1467 5539 'l
1483 5492 1640 5549 asseruerit.
1662 5486 1859 5542 Guttesenicuru

230 5558 296 5609 tium
310 5573 317 5610 :
333 5555 405 5624 Tria,
416 5560 463 5622 ait,
478 5563 592 5620 nomino.
607 5569 630 5614 et
653 5568 702 5612 iret
725 5573 846 5627 personum
870 5559 948 5610 enim
961 5571 1016 5610 esse
1030 5569 1058 5628 υ
1072 5557 1227 5616 defendisse
1241 5558 1309 5610 itanc,
1326 5558 1488 5612 locutionem
1510 5557 1603 5628 tripiec
1612 5559 1694 5612 dcitur
1711 5573 1720 5611 .·
1736 5572 1796 5610 nam
1812 5557 1858 5607 ln·

231 5627 354 5688 orrentia.
375 5629 451 5681 enim
473 5632 624 5700 majestatie.
642 5637 716 5697 atque
734 5628 853 5697 potentine
876 5627 1016 5680 credimus.
1073 5642 1144 5683 mins
1160 5629 1228 5679 trinu
1244 5628 1325 5682 tntae
1339 5627 1391 5682 dici
1405 5626 1543 5697 posseait.
1559 5628 1651 5697 triplex
1661 5628 1740 5682 deitas
1754 5637 1842 5693 tingat.

232 5697 262 5752 S.
285 5695 410 5751 Pottllnus
423 5696 509 5754 Natali
533 5701 549 5756 9
568 5700 633 5755 :Sic
651 5700 751 5755 animat
762 5697 861 5753 utentes
873 5697 901 5751 in
916 5698 1020 5750 nomine
